% This file was created with JabRef 2.8.1.
% Encoding: UTF-8

@STRING{iee-proc = {IEE Proceedings}}

@STRING{ieee-assp = {IEEE Trans. Acoust., Speech, Signal Processing}}

@STRING{ieee-bme = {IEEE Trans. Biomed. Eng.}}

@STRING{ieee-it = {IEEE Trans. Inf. Theory}}

@STRING{ieee-proc = {Proc. IEEE}}

@STRING{ieee-sp = {IEEE Trans. Signal Processing}}

@STRING{ieee-tip = {IEEE Trans. Image Processing}}

@STRING{ieee-tmi = {IEEE Trans. Med. Imaging}}

@STRING{ieee-tns = {IEEE Trans. Nucl. Sci.}}

@STRING{jnm = {J. Nucl. Med.}}

@STRING{josa = {J. Opt. Soc. Am. A}}

@STRING{pmb = {Phys. Med. Biol.}}

@ARTICLE{adams2002,
  author = {P. D. Adams and R. W. Grosse-Kunstleve and L. W. Hung and T. R. Ioerger
	and A. J. McCoy and N. W. Moriarty and R. J. Read and J. C. Sacchettini
	and N. K. Sauter and T. C. Terwilliger},
  title = {PHENIX: building new software for automated crystallographic structure
	determination},
  journal = {Acta Crystallographica Section D-biological Crystallography},
  year = {2002},
  volume = {58},
  pages = {1948--1954},
  entrydate = {2007/06/18}
}

@ARTICLE{Agard1983,
  author = {Agard, D. A.},
  title = {A least-squares method for determining structure factors in three-dimensional
	tilted-view reconstructions.},
  journal = {J. Mol. Biol.},
  year = {1983},
  volume = {167},
  pages = {849-52}
}

@ARTICLE{AAAAA,
  author = {C. W. Akey and M. Radermacher},
  title = {REMEMBER IF THIS FILE IS GOING TO BE USED BY PUBLISHER PROTECT CAPITALS
	WITH DOUBLE {{}} NO \TEXTSC AND ITALIC SHOULD GO AS \IT {WHATEVER}
	\rm},
  journal = {J. Cell. Biol.},
  year = {1993},
  volume = {122},
  pages = {1--19}
}

@ARTICLE{Akey1993,
  author = {C. W. Akey and M. Radermacher},
  title = {Architecture of the {X}enopus Nuclear-pore complex revealed by 3-dimensional
	cryoelectron microscopy},
  journal = {J. Cell. Biol.},
  year = {1993},
  volume = {122},
  pages = {1--19}
}

@ARTICLE{Alarcon99,
  author = {P. A. de Alarcon and A. Gupta and J. M. Carazo},
  title = {A framework for querying a database for structural information on
	3D images of macromolecules: A web-based query-by-content prototype
	on the BioImage macromolecular server.},
  journal = {Journal of Structural Biology},
  year = {1999},
  volume = {125(2-3)},
  pages = {112-22},
  month = {Apr-May}
}

@ARTICLE{deAlarcon2000,
  author = {P. A. de Alarcon and A. Gupta and J. M. Carazo},
  title = {A framework for querying a database for structural information on
	3D images of macromolecules: A Web-based query-by-content prototype
	on the BioImage macromolecular server},
  journal = {J. Struct. Biol.},
  year = {1999},
  volume = {125},
  pages = {112-22}
}

@BOOK{Alberts94,
  title = {Molecular Biology of the Cell},
  publisher = {Garland Publishing},
  year = {1994},
  author = {B. Alberts and D. Bray and J. Lewis and M. Raff and K. Roberts and
	J. D. Watson}
}

@ARTICLE{Amos1982,
  author = {L. A. Amos and R. Henderson and P. N. T. Unwin},
  title = {Three-dimensional structure determination by electron microscopy
	of two-dimensional crystals},
  journal = {Prog. Biophys. Mol. Biol.},
  year = {1982},
  volume = {39},
  pages = {183-231}
}

@ARTICLE{arganda2006,
  author = {I. Arganda-Carreras and C.O.S. and R. Marabini and J.M. Carazo and
	C. Ortiz-de-Solorzano and J. Kybic },
  title = {"Consistent and Elastic Registration of Histological Sections using
	vector-spline regularization"},
  journal = {Lect. Notes Comput. Sc.},
  year = {2006},
  volume = {4241},
  pages = {85-95}
}

@ARTICLE{Artzy1981,
  author = {E. Artzy and G. Frieder and G. T. Herman},
  title = {The Theory, Design, Implementation and Evaluation of a Three-Dimensional
	Surface Detection Algorithm},
  journal = {Comput Graph. Im. Proc.},
  year = {1981},
  volume = {15},
  pages = {1--24}
}

@ARTICLE{Avila96,
  author = {A. J. Avila-Sakar and W. Chiu},
  title = {Visualization of {{$\beta$}}-sheets and side-chain clusters in two-dimensional
	periodic arrays of streptavidin on phospholipid monolayers by electron
	crystallography},
  journal = {Biophys. J.},
  year = {1996},
  volume = {70},
  pages = {57-68}
}

@ARTICLE{Avila94,
  author = {A. J. Avila-Sakar and T. L. Guan and T. Arad and M. F. Schmid and
	T. W. Loke and A. Yonath and J. Piefke and F. Franceschi and W. Chiu},
  title = {Electron cryomicroscopy of bacillus stearothermophilus 50{{S}} ribosomal
	subunits crystallized on phospholipid monolayers},
  journal = {J. Mol. Biol.},
  year = {1994},
  volume = {239},
  pages = {689-697}
}

@ARTICLE{Barcena2000,
  author = {M. B\'{a}rcena and L. E. Donate and T. Ruiz and N. Dixon and M. Radermacher
	and J. M. Carazo},
  title = {The {{D}}naB-{{D}}naC complex: a structure based on interactions
	among assymetric dimers},
  journal = {Submitted to Nature Struct. Biol.},
  year = {2000},
  volume = { },
  pages = { }
}

@ARTICLE{Barcena1998,
  author = {M. B\'{a}rcena and M. C. San Martin and F. Weise and S. Ayora and
	J. C. Alonso and J. M. Carazo},
  title = {Polymorphic quaternary organization of the \it {Bacillus subtilis}
	\rm bacteriophage {{SPP1}} replicative helicase {{(G40P)}}},
  journal = {J. Mol. Biol.},
  year = {1998},
  volume = {283},
  pages = {809-819}
}

@ARTICLE{Baker96,
  author = {T. S. Baker and J. E. Johnson},
  title = {Low resolution meets high: towards a resolution continuum from cells
	to atoms},
  journal = {Current Opin. Struct. Biol.},
  year = {1996},
  volume = {6},
  pages = {585-594}
}

@ARTICLE{Baldwin88,
  author = {J. M. Baldwin and R. Henderson and E. Beckmann and F. Zemlin},
  title = {Images of purple membrane at~2.8~\AA\ resolution obtained by cryo-electron
	microscopy},
  journal = {J. Mol. Biol.},
  year = {1988},
  volume = {202},
  pages = {585-591}
}

@ARTICLE{Barcilon1975,
  author = {V. Barcilon},
  title = {On {C}hahine's relaxation method for the radiative transfer equation},
  journal = {J. Atmos. Sci.},
  year = {1975},
  volume = {32},
  pages = {1626--1630}
}

@ARTICLE{Baroni1999,
  author = {M. G. Baroni and M. P. D'Andrea and A. Montali and G. Pannitteri
	and F. Barilla and F. Campagna and E. Mazzei and S. Lovari and F.
	Seccareccia and P. P. Campa and G. Ricci and P. Pozzilli and G. Urbinati
	and M. Arca },
  title = {A common mutation of the insulin receptor substrate-1 gene is a risk
	factor for coronary artery disease},
  journal = {Arterioscl Throm Vas },
  year = {1999},
  volume = {19},
  pages = {2975-80}
}

@ARTICLE{Beck2004,
  author = {Beck, Martin and Forster, Friedrich and Ecke, Mary and Plitzko, Jurgen
	M and Melchior, Frauke and Gerisch, Gunther and Baumeister, Wolfgang
	and Medalia, Ohad},
  title = {{Nuclear pore complex structure and dynamics revealed by cryoelectron
	tomography}},
  journal = {Science},
  year = {2004},
  volume = {306},
  pages = {1387--1390},
  number = {5700},
  month = {Nov}
}

@ARTICLE{Castro2004,
  author = { J.R. Bilbao-Castro and R. Marabini and J.M. Carazo and I. Garcia
	and J.J. Fernandez},
  title = {THE POTENTIAL OF GRID COMPUTING IN THREE-DIMENSIONAL ELECTRON MICROSCOPY},
  journal = {Parallel Processing Letters},
  year = {2004},
  volume = {14},
  pages = {151-162}
}

@INCOLLECTION{Bjorck97,
  author = {�. {Bj�rck}},
  title = {Newton and {R}ayleigh quotient methods for total least squares problems},
  booktitle = {Recent Advances in Total Least Squares Techniques and Errors-In-Variables
	Modeling},
  publisher = {{{SIAM}}},
  year = {1997},
  editor = {S. {Van Huffel}},
  pages = {149--160},
  address = {Philadelphia}
}

@BOOK{Bland1995,
  title = {An {I}ntroduction to {M}edical {S}tatistics},
  publisher = {Oxford University Press},
  year = {1995},
  author = {M. Bland},
  address = {Oxford}
}

@ARTICLE{Blandini1998,
  author = {F. Blandini and G. Nappi and J. T. Greenamyre},
  title = {Quantitative study of mitochondrial complex {{I}} in platelets of
	parkinsonian patients},
  journal = {Movement Disord.},
  year = {1998},
  volume = {13},
  pages = {11-5}
}

@ARTICLE{Blin1994,
  author = {O. Blin and C. Desnuelle and O. Rascol and M. Borg and H. Peyro Saint
	Paul and J. P. Azulay and F. Bille and D. Figarella and F. Coulom
	and J. F. Pellissier and J. L. Montastruc and M. Chatel and G. Serratrice},
  title = {Mitochondrial respiratory failure in skeletal muscle from patients
	with {{P}}arkinson's disease and multiple system atrophy},
  journal = {J. Neurol. Sci.},
  year = {1994},
  volume = {125},
  pages = {95-101}
}

@ARTICLE{Bohm2000,
  author = {J. Bohm and A.S. Frangakis and R. Hegerl and S. Nickell and D. Typke
	and W. Baumeister},
  title = {From the cover: toward detecting and identifying macromolecules in
	a cellular context},
  journal = {Proc. Natl. Acad. Sci. USA},
  year = {2000},
  volume = {97},
  pages = {14245-50}
}

@ARTICLE{Bohm2001,
  author = {J. Bohm and O. Lambert and A.S. Frangakis and L. Letellier and W.
	Baumeister and J.L. Rigaud},
  title = { FhuA-mediated phage genome transfer into liposomes: a cryo-electron
	tomography study.},
  journal = {Curr. Biol.},
  year = {2001},
  volume = {11},
  pages = {1168-75}
}

@ARTICLE{Boisset2000,
  author = {N. Boisset and F. Mouche},
  title = {\it {Sepia officinalis Hemocyanin}\rm: A refined 3{{D}} structure
	from {{F}}ield {{E}}mission {{G}}un microscopy},
  journal = {J. Mol. Biol.},
  year = {2000},
  volume = {296},
  pages = {459-472}
}

@ARTICLE{Boisset1998,
  author = {N. Boisset and P. Penczek and J. C. Taveau and V. You and F. de Haas
	and J. Lamy},
  title = {Overabundant single-particle electron microscope views induce a three-dimensional
	reconstruction artifact},
  journal = {Ultramicroscopy},
  year = {1998},
  volume = {74},
  pages = {201--207}
}

@BOOK{Born75,
  title = {Principles of Optics},
  publisher = {Pergamon Press},
  year = {1975},
  author = {M. Born and E. Wolf}
}

@ARTICLE{Bottcher1997,
  author = {B. Bottcher and S. A. Wynne and R. A. Crowther R. A.},
  title = {Determination of the fold of the core protein of hepatitis {{B}}
	virus by electron cryomicroscopy},
  journal = {Nature},
  year = {1997},
  volume = {386},
  pages = {88-91}
}

@ARTICLE{Boyd1983,
  author = {D. P. Boyd and M. J. Lipton},
  title = {Cardiac computed tomography.},
  journal = {Proc. of the IEEE,},
  year = {1992},
  volume = {71},
  pages = {298-307}
}

@BOOK{Bracewell1995,
  title = {{T}wo-dimensional {I}maging},
  publisher = {Prentice-Hall},
  year = {1995},
  author = {R. Bracewell},
  address = {London}
}

@ARTICLE{BraigK94,
  author = {K. Braig and Z. Otwinowski and R. Hegde and D. C. Boisvert and A.
	Joachimiak and A. L. Horwich and P. B. Sigler},
  title = {The crystal structure of the bacterial chaperonin GroEL at 2.8 A},
  journal = {Nature},
  year = {1994},
  volume = {371},
  pages = {578-86},
  number = {6498}
}

@ARTICLE{Brazma2001,
  author = {A. Brazma and P. Hingamp and J. Quackenbush and G. Sherlock and P.
	Spellman and C. Stoeckert and J. Aach and W. Ansorge and C. A. Ball
	and H. C. Causton and T. Gaasterland and P. Glenisson and F. C. Holstege
	and I. F. Kim and V. Markowitz and J. C. Matese and H. Parkinson
	and A. Robinson and U. Sarkans and S. Schulze-Kremer and J. Stewart
	and R. Taylor and J. Vilo and M. Vingron},
  title = {Minimum information about a microarray experiment (MIAME)- toward
	standards for microarray dat},
  journal = {Nat. Genet.},
  year = {2001},
  volume = {29},
  pages = {365-71}
}

@ARTICLE{Brink92,
  author = {J. Brink and W. Chiu and M. Dougherty},
  title = {Computer-controlled spot-scan imaging of crotoxin complex crystals
	with 400 e~{{V}} electrons at near-atomic resolution},
  journal = {Ultramicroscopy},
  year = {1992},
  volume = {46},
  pages = {229-240}
}

@ARTICLE{Butcher1998,
  author = {S. J. Butcher and J. Aitken and J. Mitchell and B. Gowen and D. J.
	Dargan},
  title = {Structure of the human cytomegalovirus {{B}} capsid by electron cryomicroscopy
	and image reconstruction},
  journal = {J. Struct. Biol.},
  year = {1998},
  volume = {124},
  pages = {70-6}
}

@INCOLLECTION{Carazo2006,
  author = {J.M. Carazo and G.T. Herman and C.O.S. Sorzano and R. Marabini},
  title = {Algorithms for three-dimensional reconstruction from the imperfect
	projection data provided by electron microscopy},
  booktitle = {Electron Tomography},
  publisher = {Springer},
  year = {2006},
  editor = {J. Frank},
  address = {New York}
}

@INCOLLECTION{Carazo1992,
  author = {J. M. Carazo},
  title = {The fidelity of {{3D}} reconstructions from incomplete data and the
	use of restoration methods},
  booktitle = {Electron Tomography. Three-Dimensional Imaging with the Transmission
	Electron Microscope},
  publisher = {Plenum Press},
  year = {1992},
  editor = {J. Frank},
  pages = {117--166},
  address = {New York}
}

@ARTICLE{Carazo1992a,
  author = {J. M. Carazo and I. Benavides and F. F. Rivera and E. L. Zapata},
  title = {Detection, classification and {{3D}} reconstruction of biological
	macromolecules on hypercube computers},
  journal = {Ultramicroscopy},
  year = {1992},
  volume = {40},
  pages = {12--32}
}

@ARTICLE{Carazo1987a,
  author = {J. M. Carazo and J. L. Carrascosa},
  title = {Restoration of direct {F}ourier three-dimensional reconstructions
	of crystalline specimens by the method of convex projections},
  journal = {J. Microsc.},
  year = {1987},
  volume = {145},
  pages = {159--177}
}

@ARTICLE{Carazo1987b,
  author = {J. M. Carazo and J. L. Carrascosa},
  title = {Information recovery in missing angular data cases: An approach by
	the convex projections method in three dimensions},
  journal = {J. Microsc.},
  year = {1987},
  volume = {145},
  pages = {23--43}
}

@ARTICLE{Carazo1986,
  author = {J. M. Carazo and L. E. Donate and L. Herranz and J. P. Secilla and
	J. L. Carrascosa},
  title = {Three-dimensional reconstruction of the connector of bacteriophage
	{{$\phi29$}} at~1.8~{{$nm$}} resolution},
  journal = {J. Mol. Biol.},
  year = {1986},
  volume = {192},
  pages = {853--867}
}

@ARTICLE{Carazo1990,
  author = {J. M. Carazo and F. F. Rivera and E. L. Zapata and M. Radermacher
	and J. Frank},
  title = {Fuzzy sets-based classification of electron microscopy images of
	biological macromolecules with an application to ribosomal images},
  journal = {J. Microsc.},
  year = {1990},
  volume = {157},
  pages = {187-203}
}

@INCOLLECTION{Marabini1999a,
  author = {J. M. Carazo and C.O. Sorzano and E. Rietzel and R. Schr{\"{o}}der
	and R. {Marabini}},
  title = {Discrete Tomography in Electron Microscopy},
  booktitle = {Discrete Tomography: Foundations, Algorithms and Applications},
  publisher = {Birkhauser},
  year = {1999},
  editor = {G. T. Herman and A. Kuba},
  pages = {405-416},
  address = {Boston}
}

@ARTICLE{Carazo1999b,
  author = {J. M. Carazo and E. H. K. Stelzer},
  title = {The {{B}}ioImage Database Project: Organizing Multidimensional Biological
	Images in an Object-Relational Database},
  journal = {J. Struct. Biol.},
  year = {1999},
  volume = {125},
  pages = {97-10}
}

@ARTICLE{Carazo1999,
  author = {J. M. Carazo and E. H. K. Stelzer and A. Engel and I. Fita and C.
	Henn and J. Machtynger and P. McNeil and D. M. Shotton and M. Chagoyen
	and P. A. de~Alarcon and R. Fritsch and J. B. Heymann and S. Kalko
	and J. J. Pittet and P. Rodriguez-Tome and T. Boudier},
  title = {Organising multi-dimensional biological image information: The {{B}}ioImage
	Database},
  journal = {Nucleic Acids Res.},
  year = {1999},
  volume = {27},
  pages = {280--283}
}

@ARTICLE{Cardone2005,
  author = { Giovanni Cardone and Kay Grunewald and Alasdair C Steven},
  title = {A resolution criterion for electron tomography based on cross-validation.},
  journal = {J Struct Biol},
  year = {2005},
  volume = {151},
  pages = {117-29},
  number = {2}
}

@ARTICLE{Carvalho1999,
  author = {B. M. Carvalho and C. J. Gau and G. T. Herman and T. Y. Kong},
  title = {Algorithms for fuzzy segmentation},
  journal = {Pattern Analysis and Applications},
  year = {1999},
  volume = {2},
  pages = {73-81}
}

@ARTICLE{Censor1985,
  author = {Y. Censor and T. Elfving and G. T. Herman},
  title = {A method of iterative data refinement and is applications},
  journal = {Math. Meth. Appl. Sci.},
  year = {1985},
  volume = {7},
  pages = {108--123}
}

@BOOK{Censor1997,
  title = {Parallel optimization: theory, algorithms and applications},
  publisher = {Oxford University Press},
  year = {1997},
  author = {Censor, Y. and Zenios, S.A},
  address = {New York, NY, USA}
}

@ARTICLE{Carazo1998,
  author = {C. Ceron and J. Dopazo and E. L. Zapata and J. M. Carazo and O. Trelles},
  title = {Parallel implementation of DNAml program on message-passing architectures},
  journal = {Parallel Comput.},
  year = {1998},
  volume = {24},
  pages = {701-716}
}

@ARTICLE{Ceska90,
  author = {T. A. Ceska and R. Henderson},
  title = {Analysis of high resolution electron diffraction patterns from purple
	membrane labelled with heavy atoms},
  journal = {J. Mol. Biol.},
  year = {1990},
  volume = {213},
  pages = {539-560}
}

@ARTICLE{Ceska1992,
  author = {Ceska, T. A. and Henderson, R. and Baldwin, J. M. and Zemlin, F.
	and Beckmann, E. and Downing, K.},
  title = {An atomic model for the structure of bacteriorhodopsin, a seven-helix
	membrane protein},
  journal = {Acta Physiol. Scand. Suppl.},
  year = {1992},
  volume = {607},
  pages = {31-40}
}

@ARTICLE{Chacon2003,
  author = {P. Chacon and F. Tama and W. Wriggres},
  title = {Mega-Dalton biomolecular motion captured from electron microscopy
	reconstructions},
  journal = {J. Mol. Biol.},
  year = {2003},
  volume = {326},
  pages = {485--492}
}

@ARTICLE{Chacon2002,
  author = {P. Chacon and W. Wriggres},
  title = {Multi-resolution contour-based fitting of macromolecular structures},
  journal = {J. Mol. Biol.},
  year = {2002},
  volume = {317},
  pages = {375--384}
}

@ARTICLE{Chanhine1970,
  author = {M. T. Chahine},
  title = {Inverse problems in radiative transfer: {{De}}termination of atmospheric
	parameters},
  journal = {J. Atmos. Sci.},
  year = {1970},
  volume = {27},
  pages = {960--967}
}

@ARTICLE{Chan1998,
  author = {M. T. Chan and G. T. Herman and E. Levitan},
  title = {Bayesian image reconstruction using image-modeling {{G}}ibbs priors},
  journal = {Int. J. Imag. Syst. Tech.},
  year = {1998},
  volume = {9},
  pages = {85--98}
}

@ARTICLE{Chan1997,
  author = {M. T. Chan and G. T. Herman and E. Levitan},
  title = {A {{B}}ayesian approach to {{PET}} reconstruction using image-modeling
	{{G}}ibbs priors: Implementation and comparison},
  journal = {IEEE T. Nucl. Sci.},
  year = {1997},
  volume = {44},
  pages = {1347--1354}
}

@ARTICLE{Che1998,
  author = {Z. Che and N. H. Olson and D. Leippe and W. M. Lee and A. G. Mosser
	and R. R. Rueckert and T. S. Baker and T. J. Smith },
  title = {Antibody-mediated neutralization of human rhinovirus 14 explored
	by means of cryoelectron microscopy and {{X}}-ray crystallography
	of virus-Fab complexes},
  journal = {J. virol.},
  year = {1998},
  volume = {72},
  pages = {4610--22}
}

@BOOK{Chellapp1993,
  title = {Markov Random Fields: Theory and Application},
  publisher = {Academic Press},
  year = {1993},
  author = {R. Chellappa and A. Jain},
  address = {San Diego}
}

@ARTICLE{Chen1999,
  author = {D. H. Chen and H. Jiang and M. Lee and F. Liu and Z. H. Zhou},
  title = {Three-dimensional visualization of tegument/capsid interactions in
	the intact human cytomegalovirus},
  journal = {Virology},
  year = {1999},
  volume = {260},
  pages = {10}
}

@ARTICLE{Chen1985,
  author = {L. S. Chen and G. T. Herman and R. A. Reynolds and J. K. Udupa},
  title = {Surface shading in the cuberille environment},
  journal = {IEEE Comput. Graph. \& Application},
  year = {1985},
  volume = {5(12)},
  pages = {33--43}
}

@ARTICLE{Cheng1994,
  author = {R. H. Cheng and V. S. Reddy and N. H. Olson and A. J. Fisher and
	T. S. Baker and J. E. Johnson},
  title = {Functional implications of quasi-equivalence in a {T}=3 icosahedral
	animal virus established by cryoelectron microscopy and {X-}Ray crystallography},
  journal = {Structure},
  year = {1994},
  volume = {2},
  pages = {271--282}
}

@ARTICLE{Cheong1993,
  author = {G. W. Cheong and R. Guckenberger and K. H. Fuchs and H. Gross and
	W. Baumeister},
  title = {The structure of the surface layer of \it {Methanoplanus limicola}
	\rm obtained by a combined {{EM}} and {{STM}} approach},
  journal = {J. Struc. Biol.},
  year = {1993},
  volume = {111},
  pages = {125--134}
}

@ARTICLE{Chipman1996,
  author = {P. R. Chipman and M. Agbandje-McKenna and S. Kajigaya and K. E. Brown
	and N. S. Young and T. S. Baker and M. G. Rossmann},
  title = {Cryo-electron microscopy studies of empty capsids of human parvovirus
	{{B}}19 complexed with its cellular receptor},
  journal = {Proc. Nal. Acad. Sci.},
  year = {1996},
  volume = {93},
  pages = {7502-6}
}

@ARTICLE{Chiu1999,
  author = {C. Y. Chiu and P. Mathias and G. R. Nemerow and P. L. Stewart},
  title = {Structure of adenovirus complexed with its internalization receptor,
	$\alpha_v\beta_5$ integrin},
  journal = {J. Virol.},
  year = {1999},
  volume = {73},
  pages = {6759-68}
}

@ARTICLE{Chiu93,
  author = {W. Chiu},
  title = {What does electron cryomicroscopy provide that {{X}}-ray crystallography
	and {{NMR}} spectroscopy cannot},
  journal = {Annu. Rev. Biophys. Biomol. Struct.},
  year = {1993},
  volume = {22},
  pages = {233-255}
}

@ARTICLE{Chiu78,
  author = {W. Chiu},
  title = {Factors in high resolution biological structure analysis by conventional
	transmission electron microscopy},
  journal = {Scanning Electron Micros.},
  year = {1978},
  volume = {1},
  pages = {569-580}
}

@ARTICLE{Choiu1999,
  author = {R. C. H. Choiu and A. E. Kaufman and Zhengrong Liang and Lichan Hong
	and M. Achniotou },
  title = {An interactive fly-path planning using potential fields and cell
	decomposition for virtual endoscopy.},
  journal = {IEEE Trans. Nucl. Sci.},
  year = {1999},
  volume = {46},
  pages = {1045-9}
}

@ARTICLE{ChuXX,
  author = {W. P. Chu},
  title = {Convergence of Chahine's nonlinear relaxation inversion method used
	for limb viewing remote sensing},
  journal = {Appl. Opt.},
  year = {XXXX},
  volume = {24},
  pages = {445-447}
}

@ARTICLE{Cottrell86,
  author = {M. Cottrell and J. C. Fort},
  title = {A stochastic model of retinotopy: a self organizing process},
  journal = {Biol. Cybern.},
  year = {1986},
  volume = {53},
  pages = {405-411}
}

@ARTICLE{Crook2000,
  author = {T. W. Crook and B. B. Rogers and R. D. McFarland and S. H. Kroft
	and P. Muretto and J. A. Hernandez and M. J. Latimer and R. W. McKenna},
  title = {Unusual bone marrow manifestations of parvovirus B19 infection in
	immunocompromised patients},
  journal = {Hum. Pathol.},
  year = {2000},
  volume = {31},
  pages = {161-8}
}

@ARTICLE{Crowther1996,
  author = {R. A. Crowther and R. Henderson and J. M. Smith },
  title = {{{MRC}} image processing programs},
  journal = {J. Struc. Biol.},
  year = {1996},
  volume = {116},
  pages = {9-16}
}

@ARTICLE{Dardik2000,
  author = {R. Dardik and D. Varon and I. Tamarin and A. Zivelin and O. Salomon
	and B. Shenkman and N. Savion},
  title = {Homocysteine and oxidized low density lipoprotein enhanced platelet
	adhesion to endothelial cells under flow conditions: distinct mechanisms
	of thrombogenic modulation},
  journal = {Thromb. Haemostasis},
  year = {2000},
  volume = {83},
  pages = {338-44}
}

@ARTICLE{Daube1986,
  author = {M. E. Daube-Witherspoon and G. Muehllehner},
  title = {An iterative image space reconstruction algorithm suitable for volume
	{{ECT}}},
  journal = {IEEE Trans. Med. Imaging},
  year = {1986},
  volume = {5},
  pages = {61-66}
}

@ARTICLE{Davies96,
  author = {A. Davies and G. F. X. Schertler and B. E. Gowen and H. R. Saibil},
  title = {Projection structure of an invertebrate Rhodopsin},
  journal = {J. Struct. Biol.},
  year = {1996},
  volume = {117},
  pages = {36-44}
}

@ARTICLE{Pierro1987,
  author = {A. R. {De~Pierro}},
  title = {On the convergence of the iterative image space reconstruction algorithm
	for volume {{ECT}}},
  journal = {IEEE T. Med. Imaging},
  year = {1987},
  volume = {6},
  pages = {174--175}
}

@ARTICLE{Delafontaine2000,
  author = {P. Delafontaine},
  title = {A new risk factor for coronary artery disease?},
  journal = {Arterioscl Throm Vas},
  year = {2000},
  volume = {20},
  pages = {283-4}
}

@ARTICLE{DeRosier2000,
  author = {D. J. DeRosier},
  title = {Correction of high-resolution data for curvature of the {{E}}wald
	sphere},
  journal = {Ultramicroscopy},
  year = {2000},
  volume = {81},
  pages = {83-98}
}

@ARTICLE{Diederich1999,
  author = {S. Diederich and H. Lenzen and R. Windmann and Z. Puskas and T. M.
	Yelbuz and S. Henneken and T. Klaiber and M. Eameri and N. Roos and
	P. E. Peters},
  title = {Pulmonary nodules: experimental and clinical studies at low-dose
	{{CT}}},
  journal = {Radiology},
  year = {1999},
  volume = {213},
  pages = {289-98}
}

@ARTICLE{Dimmeler2001,
  author = {Dimmeler, E. and Marabini, R. and Tittmann, P. and Gross, H.},
  title = {Correlation of topographic surface and volume data from Three-dimensional
	electron microscopy.},
  journal = {J. Struc. Biol.},
  year = {2001},
  volume = {136},
  pages = {20--29}
}

@ARTICLE{Dinges1995,
  author = {C. Dinges and H. Rose},
  title = {Simulation of filtered and unfiltered {{TEM}} images and diffraction
	patterns},
  journal = {Phys. Stat. Sol. (A)},
  year = {1995},
  volume = {150},
  pages = {23--30}
}

@ARTICLE{Donate2000,
  author = {L. E. Donate and O. Llorca and M. Barcena and S. E. Brown and N.
	E. Dixon and J. M. Carazo},
  title = {pH-controlled quaternary states of hexameric {{D}}na{{B}} helicase.},
  journal = {J Mol Biol.},
  year = {2000},
  volume = {27},
  pages = {383-93}
}

@BOOK{Dowdy1983,
  title = {Statistics for {{R}}esearch},
  publisher = {John Wiley \& Sons},
  year = {1991},
  author = {S. Dowdy and S. Wearden},
  address = {New York}
}

@ARTICLE{Downing82,
  author = {K. H. Downing and D. A. Grano},
  title = {Analysis of photographic emulsions for electron microscopy of two-dimensional
	crystalline specimens},
  journal = {Ultramicroscopy},
  year = {1982},
  volume = {7},
  pages = {381-404}
}

@BOOK{Drenth1984,
  title = {Principles of Protein {{X}}-ray Crystallography},
  publisher = {Springer-Verlag},
  year = {1984},
  author = {J. Drenth},
  address = {New York}
}

@ARTICLE{Dube93,
  author = {P. Dube and P. Tavares and R. Lurz and M. van Heel},
  title = {The portal protein of bacteriophage {{SPP}}1: a {{DNA}} pump with
	13-fold symmetry},
  journal = {EMBO J.},
  year = {1993},
  volume = {12},
  pages = {1303-1309}
}

@ARTICLE{Dubochet88,
  author = {J. Dubochet and M. Adrian and J. J. Chang and J. C. Homo and J. Lepault
	and A. W. McDowall and P. Schultz},
  title = {Cryo-electron microscopy of vitrified specimens},
  journal = {Quarterly Rev. of Biophys.},
  year = {1988},
  volume = {21},
  pages = {129-228}
}

@ARTICLE{Erickson71,
  author = {H. P. Erickson and A. Klug},
  title = {Measurement and compensation of defocusing and aberrations by {F}ourier
	processing of electron micrographs},
  journal = {Phil. Trans. Roy. Soc. Lond.},
  year = {1971},
  volume = {B 261},
  pages = {105-118}
}

@ARTICLE{fellmann2002,
  author = { Denis Fellmann and James Pulokas and Ronald A Milligan and Bridget
	Carragher and Clinton S Potter},
  title = {A relational database for cryo{E}{M}: experience at one year and
	50 000 images.},
  journal = {J Struct Biol},
  year = {2002},
  volume = {137},
  pages = {273-82},
  number = {3}
}

@ARTICLE{Fernandez96,
  author = {J. J. Fern\'{a}ndez and J. M. Carazo},
  title = {Analysis of structural variability within two-dimensional biological
	crystals by a combination of patch averaging techniques and self
	organizing maps},
  journal = {Ultramicroscopy},
  year = {1996},
  volume = {65},
  pages = {81-93}
}

@ARTICLE{Fernandez1997,
  author = {J. J. Fern\'{a}ndez and J. R. Sanjurjo and J. M. Carazo},
  title = {A spectral estimation approach to contrast transfer function detection
	in electron microscopy},
  journal = {Ultramicroscopy},
  year = {1997},
  volume = {68},
  pages = {267--295}
}

@INPROCEEDINGS{Fernandez97,
  author = {J. J. Fern\'{a}ndez and J. M. Valpuesta and J. R. Sanjurjo and J.
	L. Carrascosa and J. M. Carazo},
  title = {Image processing of two-dimensional biological crystals in transmission
	electron microscopy},
  booktitle = {Proc. VII National Symposium on Pattern Recognition and Image Analysis},
  year = {1997},
  volume = {1},
  pages = {221-226}
}

@ARTICLE{Fernandez2006,
  author = {J.J. Fern\'andez and I. Garc\'{\i}a and J.M. Carazo andR. Marabini},
  title = {Electron tomography of complex biological specimens on the Grid},
  journal = {Future Gener. Comp. Sy.},
  year = {2007},
  volume = {23},
  pages = {435-446}
}

@ARTICLE{Fernandez2004,
  author = {J.J. Fernandez and J.R. Bilbao-Castro and R. Marabini and J.M. Carazo
	and I. Garcia},
  title = {Biological structure determination by EM is well suited to grid computing},
  journal = {New Generat. Comput. (Special Issue on Grid Systems for Life Science)},
  year = {2004},
  volume = {22},
  pages = {193--194}
}

@ARTICLE{Fernandez2004a,
  author = {J.J. Fernandez and J.R. Bilbao-Castro and R. Marabini and J.M. Carazo
	and I. Garcia},
  title = {Grid computing in structure determination of biological specimens
	by electron microscope tomography},
  journal = {Lect. Notes Comput. Sc.},
  year = {2004},
  volume = {2970},
  pages = {171-181}
}

@ARTICLE{fernandez2005,
  author = {J.J. Fernandez and J.R. Bilbao-Castro and R. Marabini, J.M. Carazo
	and I. Garcia},
  title = {On the Suitability of Biological Structure Determination by Electron
	Microscopy to Grid Computing},
  journal = {New Generat. Comput.},
  year = {2005},
  volume = {23},
  pages = {101--112}
}

@BOOK{Foley1996,
  title = {{{C}}omputer {{G}}raphics: {{P}}rinciples and {{P}}ractice},
  publisher = {Addison Wesley},
  year = {1996},
  author = {J. D. Foley and A. van Dam and S. K. Feiner and J. F. Hughes},
  address = {New York}
}

@ARTICLE{Fotiadis1998,
  author = {D. Fotiadis and D. J. M�ller and G. Tsiotis and L. Hasler and P.
	Tittmann and T. Mini and P. Jeno and H. Gross and A. Engel},
  title = {Surface analysis of the photosystem {{I}} complex by electron and
	atomic force microscopy},
  journal = {J. Mol. Biol},
  year = {1998},
  volume = {283},
  pages = {83-94}
}

@ARTICLE{Frank2002,
  author = {J. Frank},
  title = {Single-particle imaging of macromolecules by cryo-electron microscopy},
  journal = {Annu. Rev. Biophys. Biomol. Struct.},
  year = {2002},
  pages = {303-319}
}

@BOOK{Frank1996,
  title = {Three Dimensional Electron Microscopy of Macromolecular Assemblies},
  publisher = {Academic Press},
  year = {1996},
  author = {J. Frank},
  address = {San Diego}
}

@ARTICLE{Frank73,
  author = {J. Frank},
  title = {The envelope of electron microscopic transfer functions for partially
	coherent illumination},
  journal = {Optik},
  year = {1973},
  volume = {38},
  pages = {519-536}
}

@ARTICLE{Frank72,
  author = {J. Frank},
  title = {A study on heavy/light atom discrimination in bright field electron
	microscopy using the computer},
  journal = {Biophys. J.},
  year = {1972},
  volume = {12},
  pages = {484-511}
}

@ARTICLE{Frank1988b,
  author = {J. Frank and J.P. Betraudiere and J.M. Carazo and A. Verschoor and
	T. Wagenknecht},
  title = {Classification of images of biomolecular assemblies. A study of ribosomal
	subunits of {\em Escherichia coli}},
  journal = {J. Microsc.},
  year = {1988},
  volume = {150},
  pages = {99--115}
}

@ARTICLE{Frank88,
  author = {J. Frank and W. Chiu and L. Degn},
  title = {The characterization of structural variations within a crystal field},
  journal = {Ultramicroscopy},
  year = {1988},
  volume = {26},
  pages = {345-360}
}

@ARTICLE{Frank93,
  author = {J. Frank and W. Chiu and R. Henderson},
  title = {Flopping polypeptide chains and {{S}}uleika subtle imperfections:
	analysis of variations in the electron micrograph of a purple membrane
	crystal},
  journal = {Ultramicroscopy},
  year = {1993},
  volume = {49},
  pages = {387-396}
}

@ARTICLE{Frank1982,
  author = {J. Frank and M. van Heel},
  title = {Correspondence analysis of aligned images of biological particles},
  journal = {J. Mol. Biol.},
  year = {1982},
  volume = {161},
  pages = {134--137}
}

@ARTICLE{Frank1995,
  author = {J. Frank and P. Penczek},
  title = {On the correction of the contrast transfer function in biological
	electron microscopy},
  journal = {Optik},
  year = {1995},
  volume = {98},
  pages = {125-9}
}

@ARTICLE{Frank1996b,
  author = {J. Frank and M. Radermacher and P. Penczek and J. Zhu and Y. Li and
	M. Ladjadj and A. Leith},
  title = {SPIDER and WEB: processing and visualization of images in 3D electron
	microscopy and related fields.},
  journal = {Journal of Structural Biology},
  year = {1996},
  volume = {116},
  pages = {190-9},
  number = {1},
  month = {Jan-Feb}
}

@ARTICLE{Frank1981,
  author = {J. Frank and B. Shimkin and H. Dowse},
  title = {SPIDER A modular software system for electron image processing},
  journal = {Ultramicroscopy},
  year = {1981},
  volume = {6},
  pages = {343--358}
}

@ARTICLE{Frey2000,
  author = {T:G. Frey and C.A. Mannella},
  title = {The internal structure of mitochondria},
  journal = {Trends. Biochem. Sci.},
  year = {2000},
  volume = {25},
  pages = {319-24}
}

@INCOLLECTION{Fritzke1995,
  author = {B. Fritzke},
  title = {A growing neural gas network learns topologies},
  booktitle = {Advances in Neural Information Processing},
  publisher = {MIT Press},
  year = {1995},
  editor = {G. Tesauro and D. D. Touretzky and T. K. Lean},
  pages = {625-632},
  address = {Cambridge MA}
}

@ARTICLE{Fuchs1995,
  author = {K. G. Fuchs and P. Tittmann and K. Krusche and H. Gross},
  title = {Reconstruction and representation of surface data from two-dimensional
	crystalline biological macromolecules},
  journal = {Bioimaging},
  year = {1995},
  volume = {3},
  pages = {12-24}
}

@ARTICLE{Furuie1994,
  author = {S. S. Furuie and G. T. Herman and T. K. Narayan and P. E. Kinahan
	and J. S. Karp and R. M. Lewitt and S. Matej},
  title = {A Methodology for testing for statistically significant differences
	between fully {3D PET} reconstruction algorithms},
  journal = {Phys. Med. Biol.},
  year = {1994},
  volume = {39},
  pages = {341--354}
}

@ARTICLE{Gabashvili2000,
  author = {I. S. Gabashvili and R. K. Agrawal and C. M. Spahn and R. A. Grassucci
	and D. I. Svergun and J. Frank and P. Penczek},
  title = {Solution structure of the \it {E. coli} \rm 70{{S}} ribosome at 11.5~\AA\
	resolution},
  journal = {Cell},
  year = {2000},
  volume = {100},
  pages = {537-49}
}

@ARTICLE{Galin2000,
  author = {E. Galin and S. Akkouche},
  title = {Incremental polygonization of implicit surfaces},
  journal = {Graphical Models},
  year = {2000},
  volume = {62},
  pages = {19--39}
}

@ARTICLE{Garcia1996,
  author = {I. Garc{\'{\i}}a and J. Roca and J. Sanjurjo and J. M. Carazo and
	E. L. Zapata},
  title = {Implementation and experimental evaluation of the constrained {{ART}}
	algorithm on a multicomputer system},
  journal = {Signal Process.},
  year = {1996},
  volume = {51},
  pages = {69-76}
}

@ARTICLE{Geman1984,
  author = {S. Geman and D. Geman},
  title = {Stochastic relaxation, {{G}}ibbs distributions, and the {{B}}ayesian
	restoration of images},
  journal = {IEEE Trans. Pattern Anal. Mach. Intell.},
  year = {1984},
  volume = {6},
  pages = {721-741}
}

@ARTICLE{Debora2006,
  author = {Debora Gil and J.M. Carazo and R. Marabini},
  title = {On the Nature of 2D Crystal Unbending},
  journal = {J. Struct. Biol.},
  year = {2006},
  volume = {156},
  pages = {546-555}
}

@ARTICLE{Gohlke97,
  author = {U. Gohlke and A. Warne and M. Saraste},
  title = {Projection structure of the cytochrome bo ubiquinol oxidase from
	Escherichia coli at~6~{�}\ resolution},
  journal = {EMBO Journal},
  year = {1997},
  volume = {16},
  pages = {1181-1188}
}

@ARTICLE{GomezLorenzo2003,
  author = {M.G. Gomez-Lorenzo and M. Valle and J. Frank and C. Gruss and C.O.
	Sorzano and X.S. Chen and L.E. Donate and J.M. Carazo},
  title = {Large T antigen on the simian virus 40 origin of replication: a 3D
	snapshot prior to DNA replication},
  journal = {EMBO},
  year = {2003},
  volume = {22},
  pages = {6205-13}
}

@BOOK{Gonzalez1992,
  title = {Digital {{I}}mage {{P}}rocessing},
  publisher = {Addison-Wesley},
  year = {1992},
  author = {R. C. Gonzalez and R. C. Woods},
  address = {Reading, Massachusetts}
}

@ARTICLE{Gordon1970,
  author = {Gordon, R. and Bender, R. and Herman, {G. T.}},
  title = {Algebraic reconstruction techniques ({ART}) for three-dimensional
	electron microscopy and {X}-ray photography},
  journal = {J. Theor. Biol.},
  year = {1970},
  volume = {29},
  pages = {471-482}
}

@ARTICLE{Grigorieff1998,
  author = {N. Grigorieff},
  title = {Three-dimensional structure of bovine {{NADH}} : Ubiquinone oxidoreductase
	(Complex~{{I}}) at 22~{�}\ in ice},
  journal = {J. Mol. Biol.},
  year = {1998},
  volume = {277},
  pages = {1033-1046}
}

@ARTICLE{Grigorieff95,
  author = {N. Grigorieff and E. Beckmann and F. Zemlin},
  title = {Lipid location in Deoxycholate-treated Purple Membrane at~2.6~{�}},
  journal = {J. Mol. Biol},
  year = {1995},
  volume = {254},
  pages = {404-415}
}

@ARTICLE{Grigorieff96,
  author = {N. Grigorieff and T. A. Ceska and K. H. Downing and J. M. Baldwin
	and R. Henderson},
  title = {Electron-crystallographic refinement of the structure of bacteriorhodopsin},
  journal = {J. Mol. Biol.},
  year = {1996},
  volume = {259},
  pages = {393-421}
}

@ARTICLE{Gross1997,
  author = {A. D. Gross and R. Lusinyants},
  title = {Fast nonparametric detection of regular structure using digital geometric
	primitives},
  journal = {Proc. SPIE, Vision Geometry VI},
  year = {1997},
  volume = {3168},
  pages = {338-347}
}

@ARTICLE{Grunberg1999,
  author = {K. Grunberg and P. J. Sterk},
  title = {Rhinovirus infections: induction and modulation of airways inflammation
	in asthma},
  journal = {clin. Exp. Allergy},
  year = {1999},
  volume = {29 Supple 2},
  pages = {65--73}
}

@ARTICLE{Guasch1998,
  author = {A. Guasch and A. Parraga and J. Pous and J. M. Valpuesta and J. L.
	Carrascosa and M. Coll},
  title = {Purification, crystallization and preliminary {{X}}-ray diffraction
	studies of the bacteriophage {{$\phi29$}} connector particle},
  journal = {FEBS Lett.},
  year = {1998},
  volume = {430},
  pages = {283-287}
}

@ARTICLE{deHaas1997,
  author = {F. de Haas and A. Kuchumov and J. C. Taveau and N. Boisset and S.
	N. Vinogradov and J. N. Lamy},
  title = {Three-dimensional reconstruction of native and reassembled \it {Lumbricus
	terrestris} \rm extracellular hemoglobin. {L}ocalization of the monomeric
	globin chains},
  journal = {Biochemistry},
  year = {1997},
  volume = {36},
  pages = {7330--7338}
}

@ARTICLE{deHaas1999,
  author = {F. de Haas and A. O. Paatero and L. Mindich and D. H. Bamford and
	S. D. Fuller},
  title = {A symmetry mismatch at the site of {{RNA}} packaging in the polymerase
	complex of dsRNA bacteriophage phi6},
  journal = {J. Mol. Biol.},
  year = {1999},
  volume = {294},
  pages = {357--372}
}

@INCOLLECTION{Hansen97,
  author = {P. C. Hansen and D. P. {O'Leary}},
  title = {Regularization algorithms based on total least squares},
  booktitle = {Recent Advances in Total Least Squares Techniques and Errors-In-Variables
	Modeling},
  publisher = {SIAM},
  year = {1997},
  editor = {S. {Van Huffel}},
  pages = {127--137},
  address = {Philadelphia}
}

@ARTICLE{Hardt96,
  author = {S. Hardt and B. Wang and M. F. Schmid},
  title = {A brief description of {{I. C. E.}}: the integrated crystallographic
	environment},
  journal = {J. Struct. Biol.},
  year = {1996},
  volume = {116},
  pages = {68-70}
}

@ARTICLE{Harris78,
  author = {F. J. Harris},
  title = {On the use of windows for harmonic analysis with the discrete {F}ourier
	transform},
  journal = {Proc. IEEE},
  year = {1978},
  volume = {66},
  pages = {51-83}
}

@ARTICLE{Hartmann1999,
  author = {F. Hartmann and E. Giannitsis and V. Kurowski and N. Frey and M.
	Kampmann and H. A. Katus},
  title = {Risk stratification and therapeutic decision making in patients with
	acute coronary syndrome--the role of cardiac troponin {T}},
  journal = {Clin. Chem. Lab. Med.},
  year = {1999},
  volume = {37},
  pages = {1107-11}
}

@BOOK{Hauy1784,
  title = {Essai d'une th\'{e}orie sur la structure des crystals appliqu\'{e}e
	\`{a} plusieurs genres de substances crystallis\'{e}es},
  year = {1784},
  author = {R. J. Hauy}
}

@ARTICLE{Havelka93,
  author = {W. A. Havelka and R. Henderson and J. A. W. Heymann and D. Oesterhelt},
  title = {Projection structure of halorhodopsin from \it {Halobacterium halobium}\rm
	at~6~{�}\ resolution obtained by electron cryo-microscopy},
  journal = {J. Mol. Biol.},
  year = {1993},
  volume = {234},
  pages = {837-846}
}

@ARTICLE{Havelka95,
  author = {W. A. Havelka and R. Henderson and D. Oesterhelt},
  title = {Three-dimensional structure of halorhodopsin at~7~{�}\ resolution},
  journal = {J. Mol. Biol.},
  year = {1995},
  volume = {247},
  pages = {726-738}
}

@INCOLLECTION{Hawkes92,
  author = {P. W. Hawkes},
  title = {The electron microscope as a structure projector},
  booktitle = {Electron Tomography},
  publisher = {Plenum},
  year = {1992},
  editor = {J. Frank},
  pages = {17-38}
}

@BOOK{Hawkes96,
  title = {Principles of Electron Optics},
  publisher = {Academic Press},
  year = {1996},
  author = {P. W. Hawkes and E. Kasper},
  volume = {3: Wave Optics},
  address = {London}
}

@ARTICLE{He2000b,
  author = {W. Z. He and J. M. Carazo and J. J. Fernandez},
  title = {A new phase consistency criterion and its application in electron
	crystallography},
  journal = {Ultramic.},
  year = {2000},
  volume = {85},
  pages = {73--91}
}

@ARTICLE{He2000,
  author = { W. Z. He and J. M. Carazo and J. J. Fern�ndez.},
  title = {A New Phase Consistency Criterion and its Application in Electron
	Crystallography},
  journal = {Ultramicroscopy},
  year = {2000},
  volume = {~},
  pages = {~},
  note = {in press}
}

@ARTICLE{vanHeel1987,
  author = {M. van Heel},
  title = {Angular reconstitution: A posteriori assignment of projection directions
	for {{3D}} reconstruction.},
  journal = {Ultramicroscopy},
  year = {1987},
  volume = {21},
  pages = {111--124}
}

@ARTICLE{vanHeel1987b,
  author = {M. van Heel},
  title = {Similarity measures between images},
  journal = {Ultramicroscopy},
  year = {1987},
  volume = {21},
  pages = {95-100}
}

@ARTICLE{vanHeel1984,
  author = {M. van Heel},
  title = {Multivariate statistical classification of noisy images (Radomly
	oriented biological macromolecules)},
  journal = {Ultramicroscopy},
  year = {1984},
  volume = {13},
  pages = {165-184}
}

@ARTICLE{vanHeel81,
  author = {M. van Heel and J. Frank},
  title = {Use of multivariate statistical statistics in analysing the images
	of biological macromolecules},
  journal = {Ultramicroscopy},
  year = {1981},
  volume = {6},
  pages = {187-194}
}

@ARTICLE{vanHeel2000,
  author = {M. van Heel and B. Gowen and R. Matadeen and E.V. Orlova and R. Finn
	and T. Pape and D. Cohen and H. Stark and R. Schmidt and M. Schatz
	and A. Patwardhan1},
  title = {Single-particle electron cryo-microscopy: towards atomic resolution},
  journal = {Q. Rev. Biophys.},
  year = {2000},
  volume = {33},
  pages = {307-369}
}

@ARTICLE{vanHeel1996,
  author = {M. van Heel and G. Harauz and E.V. Orlova and R. Schmidt and M. Schatz},
  title = {A new generation of the IMAGIC image processing system},
  journal = {J. struct. Biol.},
  year = {1999},
  volume = {116},
  pages = {17-24}
}

@ARTICLE{vanHeel1981b,
  author = {M. van Heel and W. Keegstra},
  title = {IMAGIC: a fast, exible and friendly image analysis software system},
  journal = {Ultramicroscopy},
  year = {1981},
  volume = {7},
  pages = {113-130}
}

@ARTICLE{Hemmy1983,
  author = {D. C. Hemmy and D. J. David and G. T. Herman},
  title = {Three-dimensional reconstruction of craniofacial deformity using
	computed tomography},
  journal = {Neurosurgery},
  year = {1983},
  volume = {13},
  pages = {534-54}
}

@ARTICLE{Henderson2004,
  author = {R. Henderson},
  title = {Realizing the potential of electron cryo-microscopy},
  journal = {Q. Rev. Biophys.},
  year = {2004},
  volume = {37},
  pages = {3--13}
}

@ARTICLE{Henderson92,
  author = {R. Henderson},
  title = {Image contrast in high--resolution electron microscopy of biological
	macromolecules: {{TMV}} in ice},
  journal = {Ultramicroscopy},
  year = {1992},
  volume = {46},
  pages = {1-18}
}

@ARTICLE{Henderson90,
  author = {R. Henderson and J. M. Baldwin and T. A. Ceska and F. Zemlin and
	E. Beckmann and K. H. Downing},
  title = {Model for the structure of bacteriorhodopsin based on high-resolution
	electron cryo-microscopy},
  journal = {J. Mol. Biol.},
  year = {1990},
  volume = {213},
  pages = {899-929}
}

@ARTICLE{Henderson1986,
  author = {R. Henderson and J. M. Baldwin and K. H. Downing and J. Lepault and
	F. Zemlin},
  title = {Structure of Purple Membrane from \it {{H}alobacterium halobium:}
	\rm recording, measurement and evaluation of electron micrographs
	at~3.5~{{\AA}}\ resolution},
  journal = {Ultramicroscopy},
  year = {1986},
  volume = {19},
  pages = {147-178}
}

@ARTICLE{Henderson75,
  author = {R. Henderson and P. N. T. Unwin},
  title = {Three-dimensional model of purple membrane obtained by electron microscopy},
  journal = {Nature},
  year = {1975},
  volume = {257},
  pages = {28-32}
}

@ARTICLE{Hendrix78,
  author = {R. Hendrix},
  title = {Symmetry mismatch and {{DNA}} packaging in large {{DNA}} bacteriophages},
  journal = {Proc. Natl. Acad. Sci. {{USA}}},
  year = {1978},
  volume = {75},
  pages = {4779-4783}
}

@ARTICLE{Henrick2001,
  author = {K. Henrick and P. A. Keller and M. C. Iones John and J. Irwin and
	S. S. Velankar and J. M. Carazo and M. Radermacher and S. Fuller
	and J. G. Barton},
  title = {European Macromolecular Structure Database (EMSD)},
  journal = {Nucl. Acids. Res.},
  year = {2001},
  note = {(in press)}
}

@ARTICLE{Henrick2003,
  author = {Henrick, K. and Newman, R. and Tagari, M. and Chagoyen, M.},
  title = {{EMD}ep: a web-based system for the deposition and validation of
	high-resolution electron microscopy},
  journal = {J Struct Biol},
  year = {2003},
  volume = {144},
  pages = {228-37},
  number = {1-2}
}

@INCOLLECTION{Herman1997,
  author = {G. T. Herman},
  title = {Algebraic reconstruction techniques in medical imaging},
  booktitle = {Medical {{I}}maging, {{S}}ystems {{T}}echniques and {{A}}pplications},
  publisher = {Gordon and Breach Science Publishers},
  year = {1998},
  editor = {C. T. Leondes},
  volume = {6: {C}omputational {T}echniques},
  pages = {1--42},
  address = {Amsterdam}
}

@BOOK{Herman1998,
  title = {{G}eometry of {D}igital {S}paces},
  publisher = {Birkhauser},
  year = {1998},
  author = {G. T. Herman},
  address = {Boston}
}

@INPROCEEDINGS{Herman1989,
  author = {Herman, G. T.},
  title = {Standard image recovery methods in the \{{I}\}terative \{{D}\}ata
	\{{R}\}efinement framework},
  booktitle = {Proc. {SPIE}},
  year = {1989},
  number = {1199},
  pages = {1501-1511}
}

@BOOK{Herman1980,
  title = {Image {{R}}econstruction from {{P}}rojections: {T}he {F}undamentals
	of {C}omputerized {T}omography},
  publisher = {Academic Press},
  year = {1980},
  author = {G. T. Herman},
  address = {New York}
}

@ARTICLE{Herman2001,
  author = {G. T. Herman and B. M. Carvalho},
  title = {Multiseeded segmentation using fuzzy connectedness},
  journal = {IEEE T. Pattern. Anal.},
  year = {2001},
  note = {(in press)}
}

@BOOK{Herman1999,
  title = {Discrete Tomography: Foundations, Algorithms and Applications},
  publisher = {Birkhauser},
  year = {1999},
  author = {G. T. Herman and A. Kuba},
  address = {Boston}
}

@ARTICLE{Herman1973,
  author = {G. T. Herman and A. Lent and S. Rowland},
  title = {ART: Mathematics and applications (a report on the mathematical foundations
	and on the applicability to real data of the algebraic reconstruction
	techniques},
  journal = {J. Theor. Biol.},
  year = {1973},
  volume = {42},
  pages = {1-3}
}

@INCOLLECTION{Herman1984,
  author = {Herman, G. T. and Levkowitz, H. and McCormick, S. and Tuy, H. K.},
  title = {Multilevel Image Reconstruction},
  booktitle = {Multiresolution Image Processing and Analysis},
  publisher = {Springer-Verlag},
  year = {1984},
  editor = {{A. Rosenfeld}},
  address = {New York}
}

@ARTICLE{Herman1979c],
  author = {G. T. Herman and H. K. Liu},
  title = {Three-dimensional display of human organs from computed tomograms},
  journal = {Comput. Graph. Image Proc.},
  year = {1979},
  volume = {9},
  pages = {1-21}
}

@ARTICLE{Herman2000M,
  author = {G. T. Herman and R. {Marabini} and J. M. Carazo and E. Gardu{\~{n}}o
	and R.M. Lewitt and S. Matej},
  title = {Image Processing Approaches to Biological Three-dimensional Electron
	Microscopy},
  journal = {Int. J. Imag. Syst. Tech.},
  year = {2000},
  volume = {11},
  pages = {12-29}
}

@ARTICLE{Herman1990,
  author = {G. T. Herman and D. W. Ro},
  title = {Image recovery using iterative data refinement with relaxation},
  journal = {Opt. Eng.},
  year = {1990},
  volume = {29},
  pages = {513--523}
}

@ARTICLE{Hermjakob2004,
  author = {H. Hermjakob and L. Montecchi-Palazzi and G. Bader and J. Wojcik
	and L. Salwinski and A. Ceol and S. Moore and S. Orchard and U. Sarkans
	and C. von Mering and B. Roechert and S. Poux and E. Jung and H.
	Mersch and P. Kersey and M. Lappe and Y. Li and R. Zeng and D. Rana
	and M. Nikolski and H. Husi and C. Brun and K. Shanker and S.G. Grant
	and C. Sander and P. Bork and W. Zhu and A. Pandey and A. Brazma
	and B. Jacq and M. Vidal and D. Sherman and P. Legrain and G. Cesareni
	and I. Xenarios and D. Eisenberg and B. Steipe and C. Hogue and R.
	Apweiler},
  title = {The HUPO PSI's molecular interaction format--a community standard
	for the representation of protein interaction data},
  journal = {Nat. Biotechnol.},
  year = {2004},
  volume = {22},
  pages = {177-83}
}

@ARTICLE{Heymann2005,
  author = {Heymann, J.B. and Chagoyen, M. and Belnap, D.M.},
  title = {Common conventions for interchange and archiving of three-dimensional
	electron microscopy information in structural biology.},
  journal = {J Struct Biol},
  year = {2005},
  volume = {151},
  pages = {196-207},
  number = {2},
  issn = {1047-8477}
}

@ARTICLE{Heymann1999,
  author = {J. B. Heymann and T. Walz and T. Hirai and K. Murata B. L. Smith
	and K. Mitsuoka and Y. Fujiyoshi},
  title = {The water channel in aquaporin-1},
  journal = {Biophysical J.},
  year = {1998},
  volume = {74},
  pages = {123--123}
}

@ARTICLE{Hoenger96,
  author = {A. Hoenger and U. Aebi},
  title = {3-{{D}} reconstructions from ice-embedded and negatively stained
	biomacromolecular assemblies: A critical comparison},
  journal = {J. Struct. Biol.},
  year = {1996},
  volume = {117},
  pages = {99-116}
}

@ARTICLE{hohn2007,
  author = {M. Hohn and G. Tang and G. Goodyear and P. R. Baldwin and Z. Huang
	and P. A. Penczek and C. Yang and R. M. Glaeser and P. D. Adams and
	S. J. Ludtke},
  title = {SPARX, a new environment for {Cryo-EM} image processing},
  journal = {J. Struct. Biol.},
  year = {2007},
  volume = {157},
  pages = {47--55},
  number = {1},
  entrydate = {2007/06/18}
}

@ARTICLE{Hommel1988,
  author = {G. Hommel},
  title = {A stagewise rejective multiple test procedure based on a modified
	{{B}}onferroni test},
  journal = {Biometrika},
  year = {1988},
  volume = {75},
  pages = {383-386}
}

@ARTICLE{Hucka2003,
  author = {M. Hucka and A. Finney and H.M. Sauro and H. Bolouri and J.C. Doyle
	and H. Kitano and A.P. Arkin and B.J. Bornstein and D. Bray and A.
	Cornish-Bowden and A.A. Cuellar and S. Dronov and E.D. Gilles and
	M. Ginkel and V. Gor and I.I. Goryanin and W.J. Hedley and T.C. Hodgman
	and J.H. Hofmeyr and P.J. Hunter and N.S. Juty and J.L. Kasberger
	and A. Kremling and U. Kummer and N.Le Novere and L.M. Loew and D.
	Lucio and P. Mendes and E. Minch and E.D. Mjolsness and Y. Nakayama
	and M. R. Nelson and P. F. Nielsen and T. Sakurada and J.C. Schaff
	and B.E. Shapiro and T.S. Shimizu and H.D. Spence and J. Stelling
	and K. Takahashi and M. Tomita, J. Wagner and J. Wang},
  title = {The systems biology markup language (SBML): a medium for representation
	and exchange of biochemical network models},
  journal = {Bioinformatics},
  year = {2003},
  volume = {19},
  pages = {524-31}
}

@ARTICLE{Jain81,
  author = {A. K. Jain},
  title = {Advances in mathematical models for image processing},
  journal = {Proc. IEEE},
  year = {1981},
  volume = {69},
  pages = {502-528}
}

@ARTICLE{Jap95,
  author = {B. K. Jap and H. Li},
  title = {Structure of the Osmo-regulated {{H$_2$O}}-channel, {{AQP-CHIP}},
	in projection at~3.5~�\ resolution},
  journal = {J. Mol. Biol.},
  year = {1995},
  volume = {251},
  pages = {413-420}
}

@ARTICLE{Jap91,
  author = {B. K. Jap and P. J. Walian and K. Gehring},
  title = {Structural architecture of an outer membrane channel as determined
	by electron crystallography},
  journal = {Nature},
  year = {1991},
  volume = {350},
  pages = {167-169}
}

@BOOK{Jenkins68,
  title = {Spectral Analysis and its applications},
  publisher = {Holden Day},
  year = {1968},
  author = {G. M. Jenkins and D. G. Watts}
}

@ARTICLE{Jensen2000,
  author = {G. J. Jensen and R. D. Kornberg },
  title = {Defocus-gradient corrected back-projection},
  journal = {Ultramic},
  year = {2000},
  volume = {84},
  pages = {57-64}
}

@ARTICLE{Jonges1999,
  author = {R. Jonges and P. N. M. Boon and J. van Marle and A. J. J. Dietrich
	and C. A. Grimbergen},
  title = {{{CART}}: a controlled algebraic reconstruction technique for electron
	microscope tomography of embedded, sectioned specimen},
  journal = {Ultramicroscopy},
  year = {1999},
  volume = {76},
  pages = {203--219}
}

@ARTICLE{Kaczmarz1937,
  author = {Kaczmarz, S.},
  title = {{A}ngen\"{a}hrte {A}ufl\"{o}sung von {S}ystemen linearer {G}leichungen},
  journal = {Bull. Int. Acad. Pol. Sci. Lett., A.},
  year = {1937},
  volume = {35},
  pages = {355-357}
}

@ARTICLE{Kalender1990,
  author = {W. A. Kalender and W. Seissler and E. Klotz and P. Vock},
  title = {Spiral volumetric {{CT}} with single-breath-hold technique, continuous
	transport, and continuous scanner rotation},
  journal = {Radiology},
  year = {1990},
  volume = {176},
  pages = {181-3}
}

@ARTICLE{Kalko2000,
  author = {S. G. Kalko and M. Chagoyen and N. Jimenez-Lozano and N. Verdaguer
	and I. Fita and J. M. Carazo},
  title = {The need for a shared database infrastructure: combining {X}-ray
	crystallography and electron microscopy},
  journal = {Eur. Biophys J.},
  year = {2000},
  volume = {29},
  pages = {457-62}
}

@ARTICLE{Karrasch95,
  author = {S. Karrasch and P. A. Bullough and R. Ghosh},
  title = {The 8.5~�\ projection map of the {{LHCI}} from Rhodospirillum rubrum
	reveals a ring composed of 16 subunits},
  journal = {EMBO Journal},
  year = {1995},
  volume = {14},
  pages = {631-638}
}

@INCOLLECTION{Lim88,
  author = {S. M. Kay},
  title = {Spectral estimation},
  booktitle = {Advanced Topics in Signal Processing},
  publisher = {Prentice Hall},
  year = {1988},
  editor = {J. S. Lim and A. V. Oppenheim},
  pages = {58-122}
}

@BOOK{Kay88,
  title = {Modern Spectral Estimation},
  publisher = {Prentice Hall},
  year = {1988},
  author = {S. M. Kay}
}

@ARTICLE{Kay81,
  author = {S. M. Kay and S. L. Marple},
  title = {Spectrum analysis - A modern perspective},
  journal = {Proc. IEEE},
  year = {1981},
  volume = {69},
  pages = {1380-1419}
}

@ARTICLE{Kohn1991a,
  author = {M. I. Kohn and Tanna, N. K. and Herman, G. T. and Resnick, S. M.
	and Mozley, P. D. and Gur, R. E. and Alavi, A. and Zimmerman, R.
	A. and R. C. Gur},
  title = {{Analysis of brain and cerebrospinal fluid volumes with MR imaging.
	Part 1: Methods, reliability, and validation}},
  journal = {Radiol.},
  year = {1991},
  volume = {178},
  pages = {115-122}
}

@BOOK{Kohonen95,
  title = {Self-Organizing Maps},
  publisher = {Springer-Verlag},
  year = {1995},
  author = {T. Kohonen}
}

@ARTICLE{Kohonen90,
  author = {T. Kohonen},
  title = {The Self-Organizing Map},
  journal = {Proc. IEEE},
  year = {1990},
  volume = {78},
  pages = {1464-1480}
}

@INPROCEEDINGS{Kohonen81,
  author = {T. Kohonen},
  title = {Automatic formation of topological maps of patterns in a self-organizing
	system},
  booktitle = {Proc. 2nd Scandinavian Conf. on Image Analysis},
  year = {1981},
  pages = {214-220}
}

@TECHREPORT{Som_pak96,
  author = {T. Kohonen and J. Hynninen and J. Kangas and J. Laaksonen},
  title = {{{SOM\_PAK}}: The Self-Organizing Map program package},
  institution = {Helsinki University of Technology, Laboratory of Computer and Information
	Science},
  year = {1996},
  number = {A31}
}

@ARTICLE{Kolatkar1999,
  author = {P. R. Kolatkar and J. Bella and N. H. Olson and C. M. Bator and T.
	S. Baker and M. G. Rossmann },
  title = {Structural studies of two rhinovirus serotypes complexed with fragments
	of their cellular receptor},
  journal = {EMBO J.},
  year = {1999},
  volume = {18},
  pages = {6249-59}
}

@ARTICLE{Krause2000,
  author = {S. Krause and M. B\'{a}rcena and W. Pansegrau and R. Lurz and J.
	M. Carazo and E. Lanka},
  title = {Sequence-related protein export {{NTP}}ases encoded by the conjugative
	transfer region of {{RP4}} and by the cag pathogenicity island of
	\it {{H}elicobacter pylori} \rm share similar hexameric ring structures},
  journal = {P. Natl. Acad. Sci. USA},
  year = {2000},
  volume = {97},
  pages = {3067-307}
}

@ARTICLE{Kunji2000,
  author = {Kunji, E. R and von Gronau, S. and Oesterhelt, D. and Henderson,
	R.},
  title = {The three-dimensional structure of halorhodopsin to 5 {{\AA}} by
	electron crystallography: a new unbending procedure for two-dimensional
	crystals by using a global reference structure},
  journal = {Proc. Natl. Acad. Sci. USA},
  year = {2000},
  volume = {97},
  pages = {4637-4642}
}

@ARTICLE{Kulhbrandt94,
  author = {W. K�hlbrandt and D. N. Wang and Y. Fujiyoshi},
  title = {Atomic model of plant light-harvesting complex by electron crystallography},
  journal = {Nature},
  year = {1994},
  volume = {367},
  pages = {614-621}
}

@ARTICLE{Langmore92,
  author = {J. P. Langmore and M. F. Smith},
  title = {Quantitative energy-filtered electron microscopy of biological molecules
	in ice},
  journal = {Ultramicroscopy},
  year = {1992},
  volume = {46},
  pages = {349-373}
}

@ARTICLE{Larabell2004,
  author = {Larabell, Carolyn A and Le Gros, Mark A},
  title = {{X-ray tomography generates 3-D reconstructions of the yeast, saccharomyces
	cerevisiae, at 60-nm resolution}},
  journal = {Mol Biol Cell},
  year = {2004},
  volume = {15},
  pages = {957--962},
  number = {3},
  month = {Mar}
}

@BOOK{Wallace1992,
  title = {Maxcy-Rosenau-Last public health \& preventive medicine},
  publisher = {Appleton \& Lange},
  year = {1992},
  author = {J. M. Last and R. B. Wallace},
  address = {Stamford, CT.}
}

@ARTICLE{Lata2000,
  author = {R. Lata and J.F. Conway and N. Cheng and R.L. Duda RL and R.W. Hendrix
	and W.R. Wikoff and J.E. Johnson and H. Tsuruta and A.C. Steven},
  title = {Maturation dynamics of a viral capsid: visualization of transitional
	intermediate states},
  journal = {Cell},
  year = {2000},
  volume = {100},
  pages = {253-63}
}

@ARTICLE{Lazarous1999,
  author = {D. F. Lazarous and M. Shou and J. A. Stiber and E. Hodge and V. Thirumurti
	and L. Goncalves and E. F. Unger},
  title = {Adenoviral-mediated gene transfer induces sustained pericardial {{VEGF}}
	expression in dogs: effect on myocardial angiogenesis},
  journal = {Cardiovac. Res.},
  year = {1999},
  volume = {44},
  pages = {294-302}
}

@INCOLLECTION{Lenz71,
  author = {F. A. Lenz},
  title = {Transfer of image information in the electron microscope},
  booktitle = {Electron Microscopy in Material Sciences},
  publisher = {Academic Press},
  year = {1971},
  editor = {U. Valdr\`{e}},
  pages = {540-569}
}

@ARTICLE{Lewitt1992,
  author = {R. M. Lewitt},
  title = {Alternatives to voxels for image representation in iterative reconstruction
	algorithms},
  journal = {Phys. Med. Biol.},
  year = {1992},
  volume = {37},
  pages = {705--716}
}

@ARTICLE{Lewitt1990,
  author = {R. M. Lewitt},
  title = {Multidimensional digital image representations using generalized
	{{K}}aiser-{{B}}essel window functions},
  journal = {J. Opt. Soc. Am. A},
  year = {1990},
  volume = {7},
  pages = {1834--1846}
}

@ARTICLE{Li97,
  author = {H. Li and S. Lee and B. K. Jap},
  title = {Molecular design of aquaporin-1 water channel as revealed by electron
	crystallography},
  journal = {Nature Struct. Biol.},
  year = {1997},
  volume = {4},
  pages = {263-265}
}

@ARTICLE{Li1997,
  author = {Y. H. Li and A. Leith and J. Frank},
  title = {Tinkerbell - A tool for interactive segmentation of {{3D}} data},
  journal = {J. Struct. Biol.},
  year = {1997},
  volume = {120},
  pages = {266--275}
}

@ARTICLE{imirs2002,
  author = { Yuyao Liang and Eugene Y Ke and Z Hong Zhou},
  title = {I{M}{I}{R}{S}: a high-resolution 3{D} reconstruction package integrated
	with a relational image database.},
  journal = {J Struct Biol},
  year = {2002},
  volume = {137},
  pages = {292-304},
  number = {3}
}

@INCOLLECTION{Lim86,
  author = {J. S. Lim},
  title = {Multidimensional spectral estimation},
  booktitle = {Advances in Computer Vision and Image Processing},
  publisher = {Jai Press},
  year = {1986},
  editor = {T. S. Huang},
  volume = {2},
  pages = {275-322}
}

@BOOK{Lohmann1998,
  title = {Volumetric {{I}}mage {{A}}nalysis},
  publisher = {Wiley-Teubner},
  year = {1998},
  author = {G. Lohmann},
  address = {New York}
}

@ARTICLE{EMAN1999,
  author = {Ludtke, S. and Baldwin, P. and Chiu, W.},
  title = {{EMAN: Semiautomated software for high-resolution single-particle
	reconstructions.}},
  journal = {J. Struc. Bio.},
  year = {1999},
  volume = {122},
  pages = {82-97}
}

@ARTICLE{emen2003,
  author = { Steven J Ludtke and Laurie Nason and Haili Tu and Liwei Peng and
	Wah Chiu},
  title = {Object oriented database and electronic notebook for transmission
	electron microscopy.},
  journal = {Microsc Microanal},
  year = {2003},
  volume = {9},
  pages = {556-65},
  number = {6}
}

@ARTICLE{Luo1999,
  author = {R. Z. Luo and D. R. Beniac and A. Fernandes and C. C. Yip and F.
	P. Ottensmeyer},
  title = {Quaternary structure of the insulin-insulin receptor complex.},
  journal = {Science},
  year = {1999},
  volume = {285},
  pages = {1077-80}
}

@ARTICLE{Muller1997,
  author = {D. J. M{\"{u}}ller and A. Engel and J. L. Carrascosa and M. V\'{e}lez},
  title = {The bacteriophage {${\phi}$}29 head-tail connector imaged at high
	resolution with the atomic force microscope in buffer solution},
  journal = {EMBO Journal},
  year = {1997},
  volume = {16},
  pages = {2547--2553}
}

@ARTICLE{Mancheno2001,
  author = {Mancheno, J.M. and Martin-Benito, J. and Martinez-Ripoll, M. and
	Gavilanes, J.G. and Hermoso, J.A.},
  title = {Crystal and electron microscopy structures of sticholysin {II} actinoporin
	reveal insights into the mechanism of membrane pore formation},
  journal = {Structure},
  year = {2003},
  volume = {11},
  pages = {1312-3}
}

@ARTICLE{Mancini1997,
  author = {E. J. Mancini and F. de Haas and S. D. Fuller},
  title = {High-resolution icosahedral reconstruction: fulfilling the promise
	of cryo-electron microscopy},
  journal = {Structure},
  year = {1997},
  volume = {5},
  pages = {741-50}
}

@ARTICLE{Marabini2004,
  author = {Marabini, R. and C. O. S. Sorzano and Matej, S. and J. J. Fern�ndez
	and J. M. Carazo and G. T. Herman },
  title = {3{{D}} Reconstruction of 2{{D}} Crystals in Real Space},
  journal = {IEEE Trans. Img. Process.},
  year = {2004},
  volume = {13},
  pages = {549--561}
}

@ARTICLE{Marabini1996c,
  author = {R. {Marabini} and J. M. Carazo},
  title = {On a new computationally fast image invariant based on bispectral
	projections},
  journal = {Pattern Recogn. Lett.},
  year = {1996},
  volume = {17},
  pages = {959--967}
}

@ARTICLE{Marabini1994a,
  author = {R. {Marabini} and J. M. Carazo},
  title = {Pattern recognition and classification of images of biological macromolecules
	using artificial neural networks},
  journal = {Biophys. J.},
  year = {1994},
  volume = {66},
  pages = {1804--1814}
}

@ARTICLE{Marabini1994b,
  author = {R. {Marabini} and J. M. Carazo},
  title = {Practical issues on invariant image averaging using the bispectrum},
  journal = {Signal Process.},
  year = {1994},
  volume = {40},
  pages = {119--128}
}

@INCOLLECTION{Marabini1999,
  author = {R. {Marabini} and G. T. Herman and J. M. Carazo},
  title = {Fully three-dimensional reconstruction in electron tomography},
  booktitle = {Computational Radiology and Imaging: Therapy and Diagnostics},
  publisher = {Springer-Verlag},
  year = {1999},
  editor = {C. Borgers and F. Natterer},
  pages = {251--281},
  address = {New York}
}

@ARTICLE{Marabini1998a,
  author = {R. {Marabini} and G. T. Herman and J. M. Carazo},
  title = {3{D} reconstruction in electron microscopy using {{ART}} with smooth
	spherically symmetric volume elements (blobs)},
  journal = {Ultramicroscopy},
  year = {1998},
  volume = {72},
  pages = {53--65}
}

@ARTICLE{Marabini1996a,
  author = {R. {Marabini} and I. M. Masegosa and M. C. San~Mart\'{\i}n, S. Marco
	and J. J. Fern\'{a}ndez and L. G. de~la~Fraga, C. Vaquerizo and J.
	M. Carazo},
  title = {Xmipp: An image processing package for electron microscopy},
  journal = {J. Struct. Biol.},
  year = {1996},
  volume = {116},
  pages = {237--240}
}

@ARTICLE{Marabini1997a,
  author = {R. {Marabini} and E. Rietzel and R. Schr{\"{o}}der and G. T. Herman
	and J. M. Carazo},
  title = {Three-dimensional reconstruction from reduced sets of very noisy
	images acquired following a single-axis tilt schema: Application
	of a new three-dimensional reconstruction algorithm and objective
	comparison with weighted backprojection},
  journal = {J. Struct. Biol.},
  year = {1997},
  volume = {120},
  pages = {363--371}
}

@INCOLLECTION{Marabini1997b,
  author = {R. {Marabini} and C. San-Mart\'{\i}n and J. M. Carazo},
  title = {Electron Tomography of Biological Specimens},
  booktitle = {Contemporary Perspectives in Three-Dimensional Biomedical Imaging
	Studies in Health Technology and Informatics},
  publisher = {IOS Press},
  year = {1997},
  editor = {C.Roux and J.L. Coatrieux},
  address = {Amsterdam}
}

@ARTICLE{Marabini1996b,
  author = {R. {Marabini} and C. Vaquerizo and J. J. Fern\'{a}ndez and J. M.
	Carazo and A. Engel and J. Frank},
  title = {Proposal for a new distributed database of macromolecular and subcellular
	structures from different areas of microscopy},
  journal = {J. Struct. Biol.},
  year = {1996},
  volume = {116},
  pages = {161--166}
}

@ARTICLE{Markham63,
  author = {R. Markham and S. Frey and G. Hills},
  title = {Methods for the enhancement of detail and accentuation of structure
	in electron micrographs},
  journal = {Virology},
  year = {1963},
  volume = {20},
  pages = {88-102}
}

@ARTICLE{Marks1996,
  author = {L. D. Marks},
  title = {Wiener-filter enhancement of noisy {{HREM}} images},
  journal = {Ultramicroscopy},
  year = {1996},
  volume = {62},
  pages = {43--52}
}

@article{Mindell2003,
  author = {Mindell, Joseph A. and Grigorieff, Nikolaus},
  title = {Accurate determination of local defocus and specimen tilt in electron microscopy},
  journal = {JSB},
  year = {2003},
  volume = {142},
  pages = {334 - 347}

}

@ARTICLE{SanMartin1998,
  author = {C. San Martin and M. Radermacher and B. Wolpensinger and A. Engel
	and C. S. Miles and N. E. Dixon and J. M. Carazo},
  title = {Three-dimensional reconstructions from cryoelectron microscopy images
	reveal an intimate complex between helicase {{DnaB}} and its loading
	partner {{DnaC}}},
  journal = {Struct. Fold. Des.},
  year = {1998},
  volume = {6},
  pages = {501-509}
}

@ARTICLE{SanMartin1997,
  author = {M. C. San Martin and C. Gruss and J. M. Carazo},
  title = {Six molecules of {{SV40}} large {T} {{A}}ntigen assemble in a propeller-shaped
	particle around a channel},
  journal = {J. Mol. Biol.},
  year = {1997},
  volume = {268},
  pages = {15--20}
}

@ARTICLE{SanMartin1995,
  author = {M. C. San Martin and N. P. J. Stamford and N. Dammerova and N. E.
	Dixon and J. M. Carazo},
  title = {A structural model for the \it {Escherichia coli} \rm {{D}}na{{B}}
	helicase based on electron-microscopy data},
  journal = {J. Struct. Biol.},
  year = {1995},
  volume = {114},
  pages = {167--176}
}

@ARTICLE{celloriented2002,
  author = { Maryann E Martone and Amarnath Gupta and Mona Wong and Xufei Qian
	and Gina Sosinsky and Bertram Ludascher and Mark H Ellisman},
  title = {A cell-centered database for electron tomographic data.},
  journal = {J Struct Biol},
  year = {2002},
  volume = {138},
  pages = {145-55},
  number = {1-2}
}

@ARTICLE{Matej1996,
  author = {S. Matej and S. S. Furuie and G. T. Herman},
  title = {Relevance of statistically significant differences between reconstruction
	algorithms},
  journal = {IEEE T. Image Process.},
  year = {1996},
  volume = {5},
  pages = {554--556}
}

@ARTICLE{Matej1994,
  author = {S. Matej and G. T. Herman and T. K. Narayan and S. S. Furuie and
	R. M. Lewitt and P. E. Kinahan},
  title = {Evaluation of task-oriented performance of several fully {{3D}} {{PET}}
	reconstruction algorithms},
  journal = {Phys. Med. Biol.},
  year = {1994},
  volume = {39},
  pages = {355--367}
}

@ARTICLE{MatejLewitt1996,
  author = {S. Matej and R. M. Lewitt},
  title = {Practical considerations for {3-D} image reconstruction using spherically
	symmetric volume elements},
  journal = {IEEE T. Med. Imaging},
  year = {1996},
  volume = {15},
  pages = {68--78}
}

@ARTICLE{Matej1995,
  author = {S. Matej and R. M. Lewitt},
  title = {Efficient {3D} Grids for Image Reconstruction Using Spherically-Symmetric
	Volume Elements},
  journal = {IEEE Trans. Nucl. Sci.},
  year = {1995},
  volume = {42},
  pages = {1361--1370}
}

@BOOK{Meek82,
  title = {Practical Electron Microscopy for Biologists},
  publisher = {John Wiley and Sons},
  year = {1982},
  author = {G. A. Meek}
}

@ARTICLE{Merelo1998,
  author = {J. J. Merelo and A. Prieto and F. Mor\'{a}n and R. {Marabini} and
	J. M. Carazo},
  title = {Automatic classification of biological particles from electron-microscopy
	images using conventional and genetic-algorithm optimized learning
	vector quantization},
  journal = {Neural Process. Lett.},
  year = {1998},
  volume = {8},
  pages = {55--65}
}

@ARTICLE{Merelo1997,
  author = {J. J. Merelo and A. Prieto and F. Mor\'{a}n and R. {Marabini} and
	J. M. Carazo},
  title = {A GA-optimized neural network for classification of biological particles
	from electron-microscopy images},
  journal = {Lect. Notes Comput. Sc.},
  year = {1997},
  volume = {1240},
  pages = {1174--1182}
}

@ARTICLE{Mersereau74,
  author = {R. M. Mersereau and A. V. Oppenheim},
  title = {Digital reconstruction of multidimensional signals from their projections},
  journal = {Proc. IEEE},
  year = {1974},
  volume = {62},
  pages = {1319-1338}
}

@ARTICLE{Mesarovic95,
  author = {V. Z. Mesarovi\'{c} and N. P. Galatsanos and A. K. Katsaggelos},
  title = {Regularized constrained total least squares image restoration},
  journal = ieee-tip,
  year = {1995},
  volume = {4},
  pages = {1096--1108},
  number = {8}
}

@ARTICLE{Metoz2001,
  author = { F Metoz and M B Sherman and M F Schmid},
  title = {Adopting a database as a solution to managing electron image data.},
  journal = {J Struct Biol},
  year = {2001},
  volume = {133},
  pages = {170-5},
  number = {2-3}
}

@ARTICLE{Meyer2001,
  author = {Meyer-Ilse, W and Hamamoto, D and Nair, A and Lelievre, S A and Denbeaux,
	G and Johnson, L and Pearson, A L and Yager, D and Legros, M A and
	Larabell, C A},
  title = {{High resolution protein localization using soft X-ray microscopy}},
  journal = {J Microsc},
  year = {2001},
  volume = {201},
  pages = {395--403},
  number = {Pt 3},
  month = {Mar}
}

@ARTICLE{Miguet1997,
  author = {S. Miguet and J. M. Nicod},
  title = {Complexity analysis of a parallel implementation of the marching
	cubes algorithm},
  journal = {Int. J. Pattern Recogn.},
  year = {1997},
  volume = {11},
  pages = {1141--1156}
}

@ARTICLE{Minamisawa1999,
  author = {S. Minamisawa and M. Hoshijima and G. Chu and C. A. Ward and K. Frank
	and Y. Gu and M. E. Martone and Y. Wang and J. Ross and E. G. Jr.
	Kranias and W. R. Giles and K. R. Chien},
  title = {Chronic phospholamban-sarcoplasmic reticulum calcium {{ATP}}ase interaction
	is the critical calcium cycling defect in dilated cardiomyopathy},
  journal = {Cell},
  year = {1999},
  volume = {99},
  pages = {313-22}
}

@ARTICLE{Ming2002b,
  author = {D. Ming and Y. Kong and S.J. Wakil andJ. Brink and J. Ma},
  title = {Domain movements in human fatty acid synthase by quantized elastic
	deformation model},
  journal = {Proc. Matl. Acad. Sci. USA},
  year = {2002},
  volume = {99},
  pages = {7895--7899}
}

@ARTICLE{Ming2002,
  author = {D. Ming and Y. Kong and M.A. Lambert and Z. Huang and J. Ma},
  title = {How to describe a protein motion without amino acid sequence and
	atomic coordinates},
  journal = {Proc. Matl. Acad. Sci. USA},
  year = {2002},
  volume = {99},
  pages = {8620-8625}
}

@ARTICLE{Mitchell1992,
  author = {G. F. Mitchell and G. A. Lamas and D. E. Vaughan and M. A. Pfeffer},
  title = {Left ventricular remodeling in the year after first anterior myocardial
	infarction: a quantitative analysis of contractile segment lengths
	and ventricular shape},
  journal = {J. Am. Coll. Cardiol.},
  year = {1992},
  volume = {19},
  pages = {1136-44}
}

@ARTICLE{Mitra95,
  author = {A. K. Mitra and A. N. van Hoek and M. C. Wiener and A. S. Verkman
	and M. Yeager},
  title = {The {{CHIP28}} water channel visualized in ice by electron crystallography},
  journal = {Nature Struct. Biol.},
  year = {1995},
  volume = {2},
  pages = {726-729}
}

@ARTICLE{Mitsuoka1999,
  author = {Mitsuoka, K and Hirai, T and Murata, K and Miyazawa, A and Kidera,
	A and Kimura, Y and Fujiyoshi, Y},
  title = {The structure of bacteriorhodopsin at 3.0 {{\AA}} resolution based
	on electron crystallography: implication of the charge distribution},
  journal = {J. Mol. Biol.},
  year = {1999},
  volume = {286},
  pages = {861-82},
  number = {3}
}

@BOOK{Montgomery1994,
  title = {Applied {{S}}tatistics and {{P}}robability for {{E}}ngineers},
  publisher = {John Wiley \& Sons},
  year = {1994},
  author = {D. C. Montgomery and G. C. Runge},
  address = {New York}
}

@ARTICLE{Murata2000,
  author = {Murata, K and Mitsuoka, K and Hirai, T and Walz, T and Agre, P and
	Heymann, JB and Engel, A and Fujiyoshi, Y},
  title = {Structural determinants of water permeation through aquaporin-1.},
  journal = {Nature},
  year = {2000},
  volume = {407},
  pages = {599-605}
}

@ARTICLE{Bonnet2000,
  author = {Bonnet N.},
  title = {Artificial inteligence and pattern recognition techniques in microscope
	image processing and analisys},
  journal = {Advances in Imagin and electron physics},
  year = {2000},
  volume = {114},
  pages = {1-77}
}

@ARTICLE{Bonnet1998,
  author = {Bonnet N.},
  title = {Multivariate statistical methods for the analisys of microscopy image
	series: Application in material science},
  journal = {J. Microsc.},
  year = {1998},
  volume = {190},
  pages = {2--18}
}

@ARTICLE{Narayan1999,
  author = {T. K. Narayan and G. T. Herman},
  title = {The use of contrast for automated pulmonary nodule detection in low-dose
	computed tomography},
  journal = {Med. Phys.},
  year = {1999},
  volume = {26},
  pages = {427-437}
}

@ARTICLE{Nogales97,
  author = {E.\ Nogales and S. G. Wolf and K. H. Downing},
  title = {Visualizing the secondary structure of Tubulin: Three-dimensional
	map at~4~�},
  journal = {J. Struct. Biol.},
  year = {1997},
  volume = {118},
  pages = {119-127}
}

@ARTICLE{nunez2006,
  author = { Rafael N��ez-Ram�rez and Yolanda Robledo and Pablo Mesa and Silvia
	Ayora and Juan Carlos Alonso and Jos� Mar�a Carazo and Luis Enrique
	Donate},
  title = {Quaternary Polymorphism of Replicative Helicase G40P: Structural
	Mapping and Domain Rearrangement.},
  journal = {J Mol Biol},
  year = {2006},
  abstract = {Quaternary polymorphism is a distinctive structural feature of the
	DnaB family of replicative DNA hexameric helicases. The Bacillus
	subtilis bacteriophage SPP1 gene 40 product (G40P) belongs to this
	family. Three different quaternary states have been described for
	G40P homohexamers, two of them with C(3) symmetry, and the other
	with C(6) symmetry. We present three-dimensional reconstructions
	of the different architectures of G40P hexamers and a variant lacking
	the N-terminal domain. Comparison of the G40P and the deletion mutant
	structures sheds new light on the functional roles of the N and C-terminal
	domains, at the same time that it allows the direct structural mapping
	of these domains. Based on this new information, hybrid EM/X-ray
	models are presented for all the different symmetries. These results
	suggest that quaternary polymorphism of hexameric helicases may be
	implicated in the translocation along the DNA.}
}

@ARTICLE{Obi2000,
  author = {T. Obi and S. Matej and R. M. Lewitt and G. T. Herman},
  title = {2.5{D} simultaneous multislice reconstruction by series expansion
	methods from Fourier rebinned {PET} data},
  journal = {IEEE Trans Med Imaging.},
  year = {2000},
  volume = {19},
  pages = {474-84}
}

@ARTICLE{Ogata1999,
  author = {I. Ogata and Y. Yamashita and S. Sumi and T. Nishiharu and K. Mitsuzaki
	and M. Takahashi},
  title = {Pitfalls in image reconstruction of helical {{CT}} angiography: an
	experimental study},
  journal = {Comput. Med. Imag. Graph.},
  year = {1999},
  volume = {23},
  pages = {143-54}
}

@ARTICLE{Ohkusa1999,
  author = {T. Ohkusa and T. Ueyama and J. Yamada and M. Yano and Y. Fujumura
	and K. Esato and M. Matsuzaki},
  title = {Alterations in cardiac sarcoplasmic reticulum {{C}}a2+ regulatory
	proteins in the atrial tissue of patients with chronic atrial fibrillation},
  journal = {J. Am. Coll. Cardiology},
  year = {1999},
  volume = {34},
  pages = {255-63}
}

@BOOK{Oppenheim89,
  title = {Discrete-Time Signal Processing},
  publisher = {Prentice Hall},
  year = {1989},
  author = {A. V. Oppenheim and R. W. Schafer}
}

@ARTICLE{Orlova1999,
  author = {E. V. Orlova and M. B. Sherman and W. Chiu and H. Mowri and L. C.
	Smith and A. M.Jr. Gotto},
  title = {Three-dimensional structure of low density lipoproteins by electron
	cryomicroscopy.},
  journal = {P. Natl. Acad. Sci. US},
  year = {1999},
  volume = {96},
  pages = {8420-5}
}

@BOOK{Pal1997,
  title = {Fuzzy {{M}}athematical {{A}}pproach to {{P}}attern {{r}}ecognition},
  publisher = {John Wiley and Sons},
  year = {1997},
  author = {S. K. Pal and D. K. Majumder},
  address = {New Dehli}
}

@BOOK{Papoulis91,
  title = {Probability, Random Variables and Stochastic Processes},
  publisher = {McGraw Hill},
  year = {1991},
  author = {A. Papoulis}
}

@ARTICLE{Pascual2000,
  author = {A. Pascual and M. B\'{a}rcena and J. J. Merelo and J. M. Carazo},
  title = {Mapping and Fuzzy Classification of Macromolecular Images using Self
	Organizing Neural Networks},
  journal = {Ultramicroscopy},
  year = {2000},
  volume = {84},
  pages = {85-99}
}

@ARTICLE{Pascual1999,
  author = {A. Pascual and M. B\'{a}rcena and J. J. Merelo and J. M. Carazo},
  title = {Application of the Fuzzy {K}ohonen Clustering Network to Biological
	Macromolecules Images Classification},
  journal = {Lect. Notes Comput. Sc.},
  year = {1999},
  volume = {1607},
  pages = {331-340}
}

@ARTICLE{Penczek1994,
  author = {P. Penczek and R. A. Grassucci and J. Frank},
  title = {The ribosome at improved resolution - New techniques for merging
	and orientation refinement in 3{D} cryoelectron microscopy of biological
	particles},
  journal = {Ultramicroscopy},
  year = {1994},
  volume = {53},
  pages = {251--270}
}

@ARTICLE{Penczek92,
  author = {P. Penczek and M. Radermacher and J. Frank},
  title = {Three-dimensional reconstruction of single particles embedded in
	ice},
  journal = {Ultramicroscopy},
  year = {1992},
  volume = {40},
  pages = {33-53}
}

@ARTICLE{Perkins1997,
  author = {G. A. Perkins and C. W. Renken and J. Y. Song and T. G. Frey and
	S. J. Young and S. Lamont and M. E. Martone and S. Lindsey and M.
	H. Ellisman},
  title = {Electron tomography of large, multicomponent biological structure},
  journal = {J. Struct. Biol.},
  year = {1997},
  volume = {120},
  pages = {219--227}
}

@ARTICLE{philippsen2007,
  author = {A. Philippsen and A. D. Schenk and G. A. Signorell and V. Mariani
	and S. Berneche and A. Engel},
  title = {Collaborative {EM} image processing with the {IPLT} image processing
	library and toolbox},
  journal = {J. Struct. Biol.},
  year = {2007},
  volume = {157},
  pages = {28--37},
  number = {1},
  entrydate = {2007/06/18}
}

@ARTICLE{Potter1999,
  author = {C. S. Potter and H. Chu and B. Frey and C. Green and N. Kisseberth
	and T. J. Madden and K. L. Miller and K. Nahrstedt and J. Pulokas
	and A. Reilein and D. Tcheng and D. Weber and B. Carragher},
  title = {Leginon: a system for fully automated acquisition of 1000 electron
	micrographs a day.},
  journal = {Ultramicroscopy},
  year = {1999},
  volume = {77(3-4)},
  pages = {153-61}
}

@ARTICLE{Radermacher1994a,
  author = {M. Radermacher},
  title = {3-Dimensional reconstruction from random projections - orientational
	alignment via Radom transforms},
  journal = {Ultramicroscopy},
  year = {1994},
  volume = {2},
  pages = {271--282}
}

@ARTICLE{Radermacher1987a,
  author = {M. Radermacher},
  title = {Three-dimensional reconstruction from a single-exposure, random conical
	tilt series applied to the 50S ribosomal subunit of Escherichia coli},
  journal = {J.Microsc},
  year = {1987},
  volume = {146},
  pages = {113-136}
}

@ARTICLE{Radermacher1994,
  author = {M. Radermacher and V. Rao and R. Grassucci and J. Frank and A. P.
	Timerman and S. Fleischer and T. A. Wagenknecht},
  title = {Cryoelectron microscopy and 3-dimensional reconstruction of the calcium
	release channel ryanodine receptor from skeletal-muscle},
  journal = {J. Cell. Biol.},
  year = {1994},
  volume = {127},
  pages = {411--423}
}

@INCOLLECTION{Radermacher92,
  author = {M. Radermacher and A. Wagenknecht and A. Verschoor and J. Frank},
  title = {Weighted back-projection methods},
  booktitle = {Electron Tomography},
  publisher = {Plenum},
  year = {1992},
  editor = {J. Frank},
  pages = {91-115},
  address = {New York}
}

@ARTICLE{Radon17,
  author = {J. Radon},
  title = {�ber die Bestimmung von Funktionen durch ihre integralwerte l�ngs
	gewisser Mannigfaltigkeiten. Berichte �ber die Verhandlungen der
	K�niglich S�chsischen Gesellschaft der Wissenschaften zu Leipzig},
  journal = {Math. Phys. Klasse},
  year = {1917},
  volume = {69},
  pages = {262-277}
}

@ARTICLE{Rassoul2000,
  author = {F. Rassoul and V. Richter and C. Janke and K. Purschwitz and B. Klotzer
	and J. Geisel and W. Herrmann },
  title = {Plasma homocysteine and lipoprotein profile in patients with peripheral
	arterial occlusive disease.},
  journal = {Angiology},
  year = {2000},
  volume = {51},
  pages = {189-96}
}

@ARTICLE{Reeds1987,
  author = {Reeds, J. A. and Shepp, L. A.},
  title = {Limited Angle Reconstruction in Tomography via Squashing},
  journal = {IEEE Trans. Med. Imag.},
  year = {1987},
  volume = {6},
  pages = {89-97}
}

@ARTICLE{Remy1999,
  author = {M. Remy-Jardin and J. Remy},
  title = {Spiral {{CT}} angiography of the pulmonary circulation},
  journal = {Radiology},
  year = {1999},
  volume = {212},
  pages = {615-36}
}

@ARTICLE{Ren2000,
  author = {Ren, G and Cheng, A and Reddy, V and Melnyk, P and Mitra, AK},
  title = {Three-dimensional fold of the human {AQP}1 water channel determined
	at 4 {{\AA}} resolution by electron crystallography of two-dimensional
	crystals embedded in ice.},
  journal = {J. Mol. Biol.},
  year = {2000},
  volume = {301},
  pages = {369-87},
  number = {2}
}

@ARTICLE{Ritter88,
  author = {H. Ritter and K. Schulten},
  title = {Convergence properties of {{K}}ohonen's topology conserving maps:
	fluctuations, stability and dimension selection},
  journal = {Biol. Cybern.},
  year = {1988},
  volume = {60},
  pages = {59-71}
}

@INPROCEEDINGS{Ro1989,
  author = {Ro, D. W. and Herman, G. T. and Joshep, P. M.},
  title = {Resolution enhancement of magnetic resonance images using an iterative
	data refinement technique},
  booktitle = {Proc {SPIE}},
  year = {1989},
  volume = {1199},
  pages = {952-962}
}

@INPROCEEDINGS{Roca1998,
  author = {R. Roca and P. E. Danielson and J. M. Carazo and J. J. Fern\'{a}ndez},
  title = {A new image translational Alignment method with an application in
	electron crystallography},
  booktitle = {Proc. {{ICEM14, Cancun M\'{e}xico}}},
  year = {1998},
  volume = {I},
  pages = {401-402}
}

@ARTICLE{DeRosier68,
  author = {D. J. De Rosier and A. Klug},
  title = {Reconstruction of three dimensional structures from electron micrographs},
  journal = {Nature},
  year = {1968},
  volume = {217},
  pages = {130-134}
}

@ARTICLE{Samso2002,
  author = {M. Samso and M.J. Palumbo and M. Radermacher and J.S. Liu and C.E.
	Lawrence},
  title = {A Bayesian method for classification of images from electron micrographs},
  journal = {J. Struct. Biol.},
  year = {2002},
  volume = {138},
  pages = {157-170}
}

@ARTICLE{Samso1999,
  author = {M. Samso and R. Trujillo and G. B. Gurrola and H. H. Valdivia ND
	T. Wagenknecht T},
  title = {Three-dimensional location of the imperatoxin {{A}} binding site
	on the ryanodine receptor},
  journal = {J. Cell. Biol.},
  year = {1999},
  volume = {146},
  pages = {493-9}
}

@ARTICLE{Savage96,
  author = {H. Savage and M. Cyrklaff and G. Montoya and W. K�hlbrandt and I.
	Sinning},
  title = {Two-dimensional structure of {{LHII}} from the purple \it {bacterium
	Rhodovulum sulfidophilum}\rm and comparison with {{LHII}} from Rhodopseudomonas
	acidophila},
  journal = {Structure},
  year = {1996},
  volume = {4},
  pages = {243-252}
}

@ARTICLE{Sawaya1999,
  author = {M. R. Sawaya and S. Guo and S. Tabor and C. C. Richardson and T.
	Ellenberger},
  title = {Crystal structure of the helicase domain from the replicative helicase-primase
	of bacteriophage T7},
  journal = {Cell},
  year = {1999},
  volume = {15},
  pages = {167-77}
}

@ARTICLE{Saxton96,
  author = {W. O. Saxton},
  title = {Semper: Distortion compensation, selective averaging, 3-{{D}} reconstruction,
	and transfer function correction in a highly programmable system},
  journal = {J. Struct. Biol.},
  year = {1996},
  volume = {116},
  pages = {230-236}
}

@ARTICLE{Serysheva1999,
  author = {I. I. Serysheva Iand M. Schatz and M. van Heel and W. Chiu and S.
	L. Hamilton },
  title = {Structure of the skeletal muscle calcium release channel activated
	with {{C}}a2+ and {{AMP-PCP}}},
  journal = {biophys. J.},
  year = {1999},
  volume = {77},
  pages = {1936-44}
}

@ARTICLE{Scheres2005a,
  author = {Scheres, S.H.W. and \textbf{Marabini, R.} and Lanzavecchia S. and
	Rutten, T. and Fuller, S.D. and Carazo, J.M. and Burnett, R. and
	San-Mart�n, C},
  title = {Classification of single-projection reconstructions for cryo-electron
	microscopy data of icosahedral viruses},
  journal = {J. Struct. Biol.},
  year = {2005},
  volume = {151},
  pages = {79-91}
}

@ARTICLE{Scheres2005b,
  author = {Scheres, S.H.W. and Valle, M. and Nu�ez, R. and Sorzano, C.O.S. and
	\textbf{Marabini}, R. and Herman, G.T.and Carazo, J.M.},
  title = {Maximum-likelihood multi-reference refinement for electron microscopy
	images},
  journal = {J. Mol. Biol.},
  year = {2005},
  volume = {348},
  pages = {139--149}
}

@ARTICLE{Scheres2008,
  author = {Scheres, Sjors H W. and Nunez, R.nez-Ramírez, Rafael and Sorzano,
	C O S. and Carazo, Jose Maria and Marabini, Roberto},
  title = {Image processing for electron microscopy single-particle analysis
	using XMIPP.},
  journal = {Nat Protoc},
  year = {2008},
  volume = {3},
  pages = {977--990},
  number = {6},
  __markedentry = {[jvargas:6]},
  abstract = {We describe a collection of standardized image processing protocols
	for electron microscopy single-particle analysis using the XMIPP
	software package. These protocols allow performing the entire processing
	workflow starting from digitized micrographs up to the final refinement
	and evaluation of 3D models. A particular emphasis has been placed
	on the treatment of structurally heterogeneous data through maximum-likelihood
	refinements and self-organizing maps as well as the generation of
	initial 3D models for such data sets through random conical tilt
	reconstruction methods. All protocols presented have been implemented
	as stand-alone, executable python scripts, for which a dedicated
	graphical user interface has been developed. Thereby, they may provide
	novice users with a convenient tool to quickly obtain useful results
	with minimum efforts in learning about the details of this comprehensive
	package. Examples of applications are presented for a negative stain
	random conical tilt data set on the hexameric helicase G40P and for
	a structurally heterogeneous data set on 70S Escherichia coli ribosomes
	embedded in vitrified ice.},
  doi = {10.1038/nprot.2008.62},
  institution = {Centro Nacional de Biotecnología CSIC, Unidad de Biocomputación,
	Cantoblanco, 28049 Madrid, Spain.},
  keywords = {Algorithms; Image Processing, Computer-Assisted, statistics /&/ numerical
	data; Imaging, Three-Dimensional, statistics /&/ numerical data;
	Microscopy, Electron, statistics /&/ numerical data; Software; Software
	Design; User-Computer Interface},
  language = {eng},
  medline-pst = {ppublish},
  owner = {jvargas},
  pii = {nprot.2008.62},
  pmid = {18536645},
  timestamp = {2012.08.03},
  url = {http://dx.doi.org/10.1038/nprot.2008.62}
}

@ARTICLE{Schertler95,
  author = {G. F. X. Schertler and P. A. Hargrave},
  title = {Projection structure of frog rhodopsin in two crystal forms},
  journal = {Proc. Natl. Acad. Sci. USA},
  year = {1995},
  volume = {92},
  pages = {11578-11582}
}

@ARTICLE{Schertler93,
  author = {G. F. X. Schertler and C. Villa and R. Henderson},
  title = {Projection structure of rhodopsin},
  journal = {Nature},
  year = {1993},
  volume = {362},
  pages = {770-772}
}

@ARTICLE{Scherzinger1997,
  author = {E. Scherzinger and G. Ziegelin and M. B\'{a}rcena and J. M. Carazo
	and R. Lurz and E. Lanka},
  title = {The RepA Protein of Plasmid RSF1010 Is a Replicative DNA Helicase},
  journal = {J. Biol. Chem.},
  year = {1997},
  volume = {272},
  pages = {30228--30236}
}

@ARTICLE{Schmid1993,
  author = {M. F. Schmid and R. Dargahi and M. W. Tam},
  title = {{{SPECTRA}}: a system for processing electron images of crystals},
  journal = {Ultramicroscopy},
  year = {1993},
  volume = {48},
  pages = {251-264}
}

@ARTICLE{Schmidt-Krey2000,
  author = {I. Schmidt-Krey and Mitsuoka K. and T. Hirai and K. Murata and Y.
	Cheng and Y. Fujiyoshi and R. Morgenstern and H. Hebert},
  title = {The three-dimensional map of microsomal glutathione transferase 1
	at 6 {\AA} resolution},
  journal = {EMBO J.},
  year = {2000},
  volume = {19},
  pages = {6311-6}
}

@ARTICLE{SMH+99,
  author = {Schmidt-Krey, I and Murata, K and Hirai, T and Mitsuoka, K and Cheng,
	Y and Morgenstern, R and Fujiyoshi, Y and Hebert, H},
  title = {The projection structure of the membrane protein microsomal glutathione
	transferase at 3 {A} resolution as determined from two-dimensional
	hexagonal crystals.},
  journal = {J. Mol. Biol.},
  year = {1999},
  volume = {288},
  pages = {243-53},
  number = {2},
  abstract = {The formation of two-dimensional crystals of the membrane-bound enzyme
	microsomal glutathione transferase is sensitive to fractional changes
	in the lipid-to-protein ratio. Variation of this parameter results
	in crystal polymorphism. The projection structure of a p6 crystal
	form of the enzyme has been determined by the use of electron crystallography.
	The unit cell at 3 A resolution is comprised of two trimers. The
	hexagonal p6 and the orthorhombic p21212 crystal types have common
	elements in the packing arrangement which imply dominant crystal
	contacts. An overall structural similarity between the protein molecules
	in the two crystal forms is suggested by the projection maps. Furthermore,
	a comparison of the p6 and p21212 projection maps identifies additional
	corresponding protein densities which could not be assigned to the
	microsomal glutathione transferase trimer previously. Surprisingly,
	an ambiguity of the rotational orientation was found for trimers
	interspersed at certain positions within the crystal lattice.},
  authoraddress = {Center for Structural Biochemistry, Department of Biosciences, Karolinska
	Institutet, Huddinge, S-141 57, Sweden. ingeborg.schmidt-krey@csb.ki.se},
  country = {ENGLAND},
  keywords = {Animal ; Comparative Study ; Crystallization ; Crystallography/methods
	; Electrons ; Glutathione Transferase/*chemistry ; Macromolecular
	Systems ; Membrane Lipids/chemistry ; Membrane Proteins/*chemistry
	; Microsomes, Liver/*enzymology ; *Protein Conformation ; Rats ;
	Support, Non-U.S. Gov't},
  language = {eng},
  medline-ci = {Copyright 1999 Academic Press.},
  medline-da = {19990603},
  medline-dcom = {19990603},
  medline-edat = {1999/05/18 05:25},
  medline-is = {0022-2836},
  medline-jc = {J6V},
  medline-jid = {2985088R},
  medline-lr = {20001218},
  medline-mhda = {1999/05/18 05:25},
  medline-pmid = {10329140},
  medline-pst = {ppublish},
  medline-pt = {Journal Article},
  medline-rn = {0 (Macromolecular Systems) ; 0 (Membrane Lipids) ; 0 (Membrane Proteins)
	; EC 2.5.1.18 (Glutathione Transferase)},
  medline-sb = {IM},
  medline-so = {J. Mol. Biol. 1999 Apr 30;288(2):243-53.},
  medlineref = {99263533}
}

@ARTICLE{Schreiner1996,
  author = {S. Schreiner and C. B. Paschall and R. L. Galloway},
  title = {Comparison of projection algorithms used for the construction of
	maximum intensity projection images},
  journal = {J. Comput. Assist. Tomo.},
  year = {1996},
  volume = {20},
  pages = {56--67}
}

@ARTICLE{Schroder90,
  author = {R. R. Schr�der and E. Hofmann and J. F. Menetret},
  title = {Zero-loss energy filtering as improved imaging mode in cryo-electron
	microscopy of frozen-hydrated specimens},
  journal = {J. Struct. Biol.},
  year = {1990},
  volume = {105},
  pages = {28-34}
}

@ARTICLE{Sezan1992,
  author = {M. I. Sezan},
  title = {An overview of convex projections theory and its application to image
	recovery problems},
  journal = {Ultramicroscopy},
  year = {1992},
  volume = {40},
  pages = {55--67}
}

@ARTICLE{Sharma97,
  author = {G. Sharma and H. J. Trussell},
  title = {Set theoretic signal restoration using an error in variables criterion},
  journal = ieee-tip,
  year = {1997},
  volume = {6},
  pages = {1692--1697}
}

@ARTICLE{Sharma1998,
  author = {M. R. Sharma and P. Penczek and R. Grassucci and H. B. Xin and S.
	Fleischer and T. Wagenknecht },
  title = {Cryoelectron microscopy and image analysis of the cardiac ryanodine
	receptor},
  journal = {J. Biol. Chem.},
  year = {1998},
  volume = {273},
  pages = {8429-18434}
}

@ARTICLE{Shaw81,
  author = {P. J. Shaw and G. J. Hills},
  title = {Tilted specimen in the electron microscope: a simple specimen holder
	and the calculation of tilt angles for crystalline specimens},
  journal = {Micron},
  year = {1981},
  volume = {12},
  pages = {279-282}
}

@ARTICLE{Sheenan96,
  author = {B. Sheenan and S. D. Fuller and M. E. Pique and M. Yeager},
  title = {{{AVS}} software for visualization in molecular microscopy},
  journal = {J. Struct. Biol.},
  year = {1996},
  volume = {116},
  pages = {99-106}
}

@BOOK{Sherwood76,
  title = {Crystals, X-rays and Proteins},
  publisher = {Longman},
  year = {1976},
  author = {D. Sherwood}
}

@ARTICLE{Simpson2000,
  author = {A. A. Simpson and Y. Z. Tao and P. G. Leiman and M. O. Badasso and
	Y. N. He and P. J. Jardine and N. H. Olson and M. C. Morais and S.
	Grimes and D. L. Anderson and T. S. Baker and M. G. Rossmann},
  title = {Structure of the bacteriophage {${\phi}$}29 {DNA} packaging motor},
  journal = {Nature},
  year = {2000},
  volume = {408},
  pages = {745-750}
}

@ARTICLE{Singleton2000,
  author = {M. R. Singleton and M. R. Sawaya and T. Ellenberger and D. B.Wigley
	},
  title = {Crystal srtucture of T7 gene 4 ring helicase indicates a mechanism
	for sequential hydrolysis of nucleotides},
  journal = {CELL},
  year = {2000},
  volume = {101},
  pages = {589-600}
}

@ARTICLE{Skoglund1996,
  author = {U. Skoglund and L. G. Ofverstedt and R. Burnett and G. Bricogne.},
  title = {Maximum-entropy three-dimensional reconstruction with deconvolution
	of the contrast transfer function: {{A}} test application with adenovirus},
  journal = {J. Struct. Biol.},
  year = {1996},
  volume = {117},
  pages = {173--188}
}

@ARTICLE{Smith1980,
  author = {P. R. Smith and J. Kistler},
  title = {Surface Reliefs Computed from Micrographs of Isolated Heavy Metal-Shadowed
	Particles.},
  journal = {J. Ultrastruc. Res.},
  year = {1980},
  volume = {71},
  pages = {25-36}
}

@ARTICLE{Smith1977,
  author = {P. R. Smith and J. Kistler},
  title = {Surface Reliefs Computed from Micrographs of Heavy Metal-Shadowed
	Specimens.},
  journal = {J. Ultrastruc. Res.},
  year = {1977},
  volume = {61},
  pages = {124-133}
}

@ARTICLE{Sorzano2005b,
  author = {Sorzano, C.O.S. and R. Marabini and Pascual-Montano, A. and Scheres,
	S.H.W. and Herman, G. T. and Carazo, J.M. },
  title = {Optimization Problems in Electron Microscopy of Single Particles},
  journal = {Ann. Oper. Res.},
  year = {2006},
  volume = {148},
  pages = {133-165}
}

@ARTICLE{Sorzano2005a,
  author = {Sorzano, C. O. S. and R. \textbf{Marabini} and Carazo, J. M. and
	Herman, G. T.},
  title = {Multiobjetive algorithm parameter optimization using multivariate
	statistics},
  journal = {Pattern Recognition},
  year = {2005},
  volume = {38},
  pages = {2587-2601}
}

@ARTICLE{Sorzano2004b,
  author = {Sorzano, C. O. S. and R. \textbf{Marabini} and Carazo, J. M. and
	Vel\'{a}zquez-Muriel, J. and Bilbao-Castro, J. R. and Fernández,
	J. J. and Pascual-Montano, A.},
  title = {XMIPP: A new generation of the open-source image processing package
	for Electron Microscopy},
  journal = {J. Struct. Biol.},
  year = {2004},
  volume = {148},
  pages = {194--204}
}

@ARTICLE{Sorzano2010,
  author = {Sorzano, C O S. and Bilbao-Castro, J. R. and Shkolnisky, Y. and Alcorlo,
	M. and Melero, R. and Caffarena-Fernández, G. and Li, M. and Xu,
	G. and Marabini, R. and Carazo, J. M.},
  title = {A clustering approach to multireference alignment of single-particle
	projections in electron microscopy.},
  journal = {J Struct Biol},
  year = {2010},
  volume = {171},
  pages = {197--206},
  number = {2},
  month = {Aug},
  __markedentry = {[jvargas:]},
  abstract = {Two-dimensional analysis of projections of single-particles acquired
	by an electron microscope is a useful tool to help identifying the
	different kinds of projections present in a dataset and their different
	projection directions. Such analysis is also useful to distinguish
	between different kinds of particles or different particle conformations.
	In this paper we introduce a new algorithm for performing two-dimensional
	multireference alignment and classification that is based on a Hierarchical
	clustering approach using correntropy (instead of the more traditional
	correlation) and a modified criterion for the definition of the clusters
	specially suited for cases in which the Signal-to-Noise Ratio of
	the differences between classes is low. We show that our algorithm
	offers an improved sensitivity over current methods in use for distinguishing
	between different projection orientations and different particle
	conformations. This algorithm is publicly available through the software
	package Xmipp.},
  doi = {10.1016/j.jsb.2010.03.011},
  institution = {Biocomputing Unit, National Center of Biotechnology (CSIC), Cantoblanco,
	Madrid 28049, Spain. coss@cnb.csic.es},
  keywords = {Algorithms; Bacteriorhodopsins, ultrastructure; Microscopy, Electron,
	methods; Ribosomes, ultrastructure; Software},
  language = {eng},
  medline-pst = {ppublish},
  owner = {jvargas},
  pii = {S1047-8477(10)00088-2},
  pmid = {20362059},
  timestamp = {2012.08.02},
  url = {http://dx.doi.org/10.1016/j.jsb.2010.03.011}
}

@INPROCEEDINGS{Sorzano2001b,
  author = {Sorzano, C. O. S. and Fern\'andez, J. J. and Marabini, R. and Herman,
	G. T. and Censor, Y. and Carazo, J. M.},
  title = {Transfer Function Restoration in 3{D} Electron Microscopy via Iterative
	Data Refinement},
  booktitle = {The {S}ixth {I}nternational {M}eeting on {F}ully {T}hree-{D}imensional
	{I}mage {R}econstruction in {R}adiology and {N}uclear {M}edicine},
  year = {2001},
  month = oct
}

@ARTICLE{Sorzano2004,
  author = {Sorzano, C. O. S. and Fern�ndez, J. J. and R. Marabini and G. T.
	Herman and Censor, Y. and Carazo, J. M.},
  title = {Transfer function restoration in 3D electron microscopy via iterative
	data refinement},
  journal = {Phys. Med. Biol.},
  year = {2004},
  volume = {49},
  pages = {509--522}
}

@ARTICLE{Sorzano2007a,
  author = {Sorzano, C O S. and Jonic, S. and Cottevieille, M. and Larquet, E.
	and Boisset, N. and Marco, S.},
  title = {3D electron microscopy of biological nanomachines: principles and
	applications.},
  journal = {Eur Biophys J},
  year = {2007},
  volume = {36},
  pages = {995--1013},
  number = {8},
  month = {Nov},
  abstract = {Transmission electron microscopy is a powerful technique for studying
	the three-dimensional (3D) structure of a wide range of biological
	specimens. Knowledge of this structure is crucial for fully understanding
	complex relationships among macromolecular complexes and organelles
	in living cells. In this paper, we present the principles and main
	application domains of 3D transmission electron microscopy in structural
	biology. Moreover, we survey current developments needed in this
	field, and discuss the close relationship of 3D transmission electron
	microscopy with other experimental techniques aimed at obtaining
	structural and dynamical information from the scale of whole living
	cells to atomic structure of macromolecular complexes.},
  doi = {10.1007/s00249-007-0203-x},
  institution = {. San Pablo CEU, Campus Urb, Montepríncipe s/n, 28668, Boadilla del
	Monte, Madrid, Spain. coss.eps@ceu.es},
  keywords = {Algorithms; Imaging, Three-Dimensional; Macromolecular Substances;
	Microscopy, Electron, Transmission, methods; Molecular Conformation},
  language = {eng},
  medline-pst = {ppublish},
  owner = {jvargas},
  pmid = {17611751},
  timestamp = {2012.08.02},
  url = {http://dx.doi.org/10.1007/s00249-007-0203-x}
}

@ARTICLE{Sorzano2001,
  author = {C. O. S. Sorzano and R. Marabini and N. Boisset and E. Rietzel and
	R. Schr�der and G. T. Herman and J. M. Carazo},
  title = {The effect of overabundant projection directions on 3{D} reconstruction
	algorithms},
  journal = {J. Struct. Biol.},
  year = {2001},
  volume = {113},
  pages = {108-118}
}

@INPROCEEDINGS{Sorzano1998,
  author = {C. O. S. Sorzano and R. Marabini and J. M. Carazo and E. Rietzel
	and R. Schr�der and G. T. Herman and N. Boisset},
  title = {Effects of Uneven Sampling in {{3D}} Reconstructions},
  booktitle = {Proc. 13th International Congress on Electron Microscopy},
  year = {1998},
  volume = {1},
  pages = {771--772}
}

@ARTICLE{Sorzano2005,
  author = {Sorzano, C. O. S. and Vel\'{a}zquez-Muriel, J. and R. \textbf{Marabini}
	and Carazo, J. M. and Herman, G. T.},
  title = {Volumetric restrictions in single particle 3{{DEM}} reconstruction},
  year = {2005},
  note = {submitted}
}

@ARTICLE{Spellman2001,
  author = {P. T. Spellman and M. Miller and J. Stewart and C. Troup and U. Sarkans
	and S. Chervitz and D. Bernhart and G. Sherlock and C. Ball and M.
	Lepage and M. Swiatek and W. L. Marks and J. Goncalves and S. Markel
	and D. Iordan and M. Shojatalab and A. Pizarro and J. White and R.
	Hubley and E. Deutsch and M. Senger and B. J. Aronow and A. Robinson
	and D. Bassett and C. J. Stoeckert~Jr. and A. Brazma},
  title = {Design and implementation of microarray gene expression markup language
	(MAGE-ML)},
  journal = {Genome Biol},
  year = {2002},
  volume = {3},
  pages = {RESEARCH0046}
}

@ARTICLE{Stahlberg2000,
  author = {Stahlberg, H and Braun, T and de Groot, B and Philippsen, A and Borgnia,
	M J and Agre, P and Kuhlbrandt, W and Engel, A},
  title = {{The 6.9-A structure of GlpF: a basis for homology modeling of the
	glycerol channel from Escherichia coli}},
  journal = {J Struct Biol},
  year = {2000},
  volume = {132},
  pages = {133--141},
  number = {2},
  month = {Nov}
}

@ARTICLE{Stahlberg2001,
  author = {Stahlberg, H. and Fotiadis, D. and Scheuring, S. and Remigy, H. and
	Braun, T. and Mitsuoka, K. and Fujiyoshi, Y. and Engel, A.},
  title = {Two-dimensional crystals: a powerful approach to assess structure,
	function and dynamics of membrane proteins},
  journal = {FEBS Lett},
  year = {2001},
  volume = {504},
  pages = {166-72},
  number = {3}
}

@ARTICLE{Stark1997,
  author = {Stark, H. and Orlova, EV. and Rinke-Appel, J. and Junke, N. and Mueller,
	F. and Rodnina, M. and Wintermeyer, W. and Brimacombe, R. and {van
	Heel}, M.},
  title = {Arrangement of t{RNA}s in pre- and posttranslocational ribosomes
	revealed by electron cryomicroscopy},
  journal = {Cell},
  year = {1997},
  volume = {88},
  pages = {19-29}
}

@ARTICLE{Stewart1991,
  author = {P. L. Steward and R. M. Burnett and M. Cyrklaff and S. D. Fuller},
  title = {Image-reconstruction reveals the complex molecular-organization of
	Adenovirus},
  journal = {Cell},
  year = {1991},
  volume = {67},
  pages = {145-154}
}

@ARTICLE{Stewart1988,
  author = {M. Stewart},
  title = {Introduction to the computer image processing of electron micrographs
	of two-dimensionally ordered biological structures},
  journal = {J. Electron Micr. Tech.},
  year = {1988},
  volume = {9},
  pages = {301-324}
}

@ARTICLE{Stroud1979,
  author = {R. M. Stroud and D. A. Agard},
  title = {Structure determination of asymmetric membrane profiles using an
	iterative {{F}}ourier method},
  journal = {Biophys. J.},
  year = {1979},
  volume = {25},
  pages = {495--512}
}

@ARTICLE{Subramaniam1999,
  author = {S. Subramaniam and R. Henderson},
  title = {Electron crystallography of bacteriorhodopsin with millisecond time
	resolution},
  journal = {J. Struct. Biol.},
  year = {1999},
  volume = {128},
  pages = {19--25}
}

@ARTICLE{Tagari2002,
  author = {Tagari, M. and Newman, R and Chagoyen, M. and Carazo, J.M. and Henrick,
	K.},
  title = {New electron microscopy database and deposition system},
  journal = {Trends Biochem Sci},
  year = {2002},
  volume = {27},
  pages = {589},
  number = {11}
}

@ARTICLE{Tama2003,
  author = {F. Tama and M. Valle and J. Frank and C.L. Brooks},
  title = {Dinamics reorganization of the functionally active ribosome explored
	by normal mode analysis and cryo-electron microscopy},
  journal = {Proc. Natl. Acad. Sci. USA},
  year = {2003}
}

@ARTICLE{Tama2002,
  author = {F. Tama and W. Wriggers and C.L. Brooks},
  title = {Exploring global distorsions of biological macromolecules and assamblies
	from low-resolution structural information and elastic network theory},
  journal = {J. Mol. Biol.},
  year = {2002},
  volume = {321},
  pages = {297--305}
}

@ARTICLE{Tani96,
  author = {K. Tani and H. Sasabe and C. Toyoshima},
  title = {A set of computer programs for determining defocus and astigmatism
	in electron images},
  journal = {Ultramicroscopy},
  year = {1996},
  volume = {65},
  pages = {31-44}
}

@ARTICLE{Tao1998,
  author = {Y. Z. Tao and N. H. Olson and W. Xu and D. L. Anderson and M. G.
	Rossmann and T. S. Baker},
  title = {Assembly of a tailed bacterial virus and its genome release studied
	in three dimensions},
  journal = {Cell},
  year = {1998},
  volume = {95},
  pages = {431-437}
}

@ARTICLE{Temsah2000,
  author = {R. M. Temsah and C. Dyck and T. Netticadan and D. Chapman and V.
	Elimban and N. S. Dhalla },
  title = {Effect of beta-adrenoceptor blockers on sarcoplasmic reticular function
	and gene expression in the ischemic-reperfused heart},
  journal = {J. harmacol. Exp. Ther.},
  year = {2000},
  volume = {293},
  pages = {15-23}
}

@INCOLLECTION{Thon71,
  author = {F. Thon},
  title = {Phase contrast electron microscopy},
  booktitle = {Electron Microscopy in Material Sciences},
  publisher = {Academic Press},
  year = {1971},
  editor = {U. Valdr\`{e}},
  pages = {572-625}
}

@ARTICLE{Tirion1996,
  author = {M.M. Tirion},
  title = {Large amplitude elastic motions in proteins from single-parameter,
	atomic analysis},
  journal = {Physical Rev. Lett.},
  year = {1996},
  volume = {77},
  pages = {1905-1908}
}

@ARTICLE{Treanor1999,
  author = {J. Treanor and A Falsey},
  title = {Respiratory viral infections in the elderly},
  journal = {Antiviral Res},
  year = {1999},
  volume = {44},
  pages = {79-102}
}

@ARTICLE{Trelles1998b,
  author = {O. Trelles and M. A. Andrade and A. Valencia and E. L. Zapata and
	J. M. Carazo},
  title = {Computational space reduction and parallelization of a new clustering
	approach for large groups of sequences},
  journal = {Bioinformatics},
  year = {1998},
  volume = {14},
  pages = {439-451}
}

@ARTICLE{Trelles1998,
  author = {O. Trelles and C. Ceron and H. C. Wang and J Dopazo and J. M. Carazo},
  title = {New phylogenetic venues opened by a novel implementation of the {{DNA}}ml
	algorithm},
  journal = {Bioinformatics},
  year = {1998},
  volume = {14},
  pages = {544-545}
}

@ARTICLE{Trenschel2000,
  author = {R. Trenschel and S. Ross and J. Husing and H. Ottinger and A. Elmaagacli
	and M. Roggendorf U. W. Schaefer and V. Rundle },
  title = {Reduced risk of persisting cytomegalovirus pp65 antigenemia and cytomegalovirus
	interstitial pneumonia following allogeneic {{PBSCT}} },
  journal = {Bone Marrow Transpl.},
  year = {2000},
  volume = {25},
  pages = {665-72}
}

@ARTICLE{Trus1999,
  author = {B. L. Trus and W. Gibson and N. Cheng and A.C Steven},
  title = {Capsid structure of simian cytomegalovirus from cryoelectron microscopy:
	evidence for tegument attachment sites },
  journal = {J. Virol.},
  year = {1999},
  volume = {73},
  pages = {2181-92},
  note = {[published erratum appears in J. Virol 1999 73:4530]}
}

@INCOLLECTION{Trussell84,
  author = {H. J. Trussell},
  title = {A priori knowledge in algebraic reconstruction methods},
  booktitle = {Advances in Computer Vision and Image Processing},
  publisher = {Jai Press},
  year = {1984},
  editor = {T. S. Huang},
  volume = {1},
  pages = {265-316}
}

@ARTICLE{Tsuprun94,
  author = {V. Tsuprun and D. Anderson and E. H. Egelman},
  title = {The bacteriophage {${\phi29}$} head-tail connector shows 13-fold
	symmetry in both hexagonally packed arrays and as single particles},
  journal = {Biophys. J.},
  year = {1994},
  volume = {66},
  pages = {2139-2150}
}

@BOOK{Udupa2000,
  title = {3{D} {{I}}maging in {{M}}edicine, {{S}}econd {{E}}dition},
  publisher = {CRC Press},
  year = {2000},
  author = {J. K. Udupa and G. T. Herman},
  address = {Boca Raton, Florida}
}

@ARTICLE{Udupa1991b,
  author = {J. K. Udupa and H. Hung and K. Chuang},
  title = {Surface and volume rendering in three-dimensional imaging: A comparison.},
  journal = {J. Digit. Imaging},
  year = {1991},
  volume = {4},
  pages = {159--168}
}

@ARTICLE{Udupa1993,
  author = {J. K. Udupa and D. Odhner},
  title = {Shell rendering},
  journal = {IEEE Comput. Graph. \& Application},
  year = {1993},
  volume = {13(6)},
  pages = {58--67}
}

@ARTICLE{Udupa1996,
  author = {J. K. Udupa and S. Samarasekera},
  title = {Fuzzy connectedness and object definition: Theory, algorithms, and
	applications in image segmentation},
  journal = {Graph. Model. Im. Proc.},
  year = {1996},
  volume = {58},
  pages = {246--261}
}

@ARTICLE{Unger97,
  author = {V. M. Unger and N. M. Kumar and N. B. Gilula and M. Yeager},
  title = {Projection structure of a gap junction membrane channel at~7~�\ resolution},
  journal = {Nature Struct. Biol.},
  year = {1997},
  volume = {4},
  pages = {39-43}
}

@ARTICLE{Unger95,
  author = {V. M. Unger and G. F. X. Schertler},
  title = {Low resolution structure of bovine rhodopsin determined by electron
	cryomicroscopy},
  journal = {Biophys. J.},
  year = {1995},
  volume = {68},
  pages = {1776-1786}
}

@ARTICLE{Unwin96,
  author = {N. Unwin},
  title = {Projection structure of the Nicotinic Acetylcholine receptor: Distinct
	conformations of the {{$\alpha$}} subunits},
  journal = {J. Mol. Biol.},
  year = {1996},
  volume = {257},
  pages = {586-596}
}

@ARTICLE{Unwin75,
  author = {P. N. T. Unwin and R. Henderson},
  title = {Molecular structure determination by electron microscopy of unstained
	crystalline specimens},
  journal = {J. Mol. Biol.},
  year = {1975},
  volume = {94},
  pages = {425-440}
}

@ARTICLE{Valle2000,
  author = {M. Valle and C. Gruss amd L. Halmer and J. M. Carazo and L. E. Donate},
  title = {{{L}}arge {{T}}-{{A}}ntigen double hexamers imaged at the simian
	virus 40 origin of replication},
  journal = {Mol. Cell. Biol.},
  year = {2000},
  volume = {20},
  pages = {34-41}
}

@ARTICLE{Valpuesta94b,
  author = {J. M. Valpuesta and J. L. Carrascosa},
  title = {Structure of viral connectors and their function in bacteriophage
	assembly and {{DNA}} packaging},
  journal = {Quarterly Rev. of Biophys.},
  year = {1994},
  volume = {27},
  pages = {107-155}
}

@ARTICLE{Valpuesta94,
  author = {J. M. Valpuesta and J. L. Carrascosa and R. Henderson},
  title = {Analysis of electron microscope images and electron diffraction patterns
	of thin crystals of {{$\phi$29}} connectors in ice},
  journal = {J. Mol. Biol.},
  year = {1994},
  volume = {240},
  pages = {281-287}
}

@ARTICLE{Valpuesta1999,
  author = {J. M. Valpuesta and J. J. Fern\'{a}ndez and J. M. Carazo and J. L.
	Carrascosa},
  title = {The three-dimensional structure of a {{DNA}} translocating machine
	at 10 Angstrom resolution},
  journal = {Struct. Fold. \& Des.},
  year = {1999},
  volume = {7},
  pages = {289--296}
}

@ARTICLE{Valpuesta92,
  author = {J. M. Valpuesta and H. Fujisawa and S. Marco and J. M. Carazo and
	J. L. Carrascosa},
  title = {Three-dimensional structure of {{$T3$}} connector purified from overexpressing
	bacteria},
  journal = {J. Mol. Biol.},
  year = {1992},
  volume = {224},
  pages = {103-112}
}

@BOOK{VanHuffel97,
  title = {Recent Advances in Total Least Squares Techniques and Errors-In-Variables
	Modeling},
  publisher = {SIAM},
  year = {1997},
  author = {S. {Van Huffel (ed.)}},
  address = {Philadelphia}
}

@BOOK{VanHuffel91,
  title = {The Total Least Squares Problem: Computational Aspects and Analysis},
  publisher = {SIAM},
  year = {1991},
  author = {S. {Van Huffel} and J. Vandewalle},
  address = {Philadelphia}
}

@BOOK{Vardeman1994,
  title = {Statistics for Engineering Problem Solving},
  publisher = {Academic Press},
  year = {1994},
  author = {S. B. Vardeman},
  address = {Boston}
}

@INPROCEEDINGS{Natarajan2005,
  author = {{Vijay Natarajan and Valerio Pascucci}},
  title = {Volumetric {D}ata {A}nalysis using {M}orse-{S}male {C}omplexes},
  booktitle = {International {C}onference on {S}hape {M}odeling and {A}pplications},
  year = {2005}
}

@ARTICLE{Wade92,
  author = {R. H. Wade},
  title = {A brief look at imaging and contrast transfer},
  journal = {Ultramicroscopy},
  year = {1992},
  volume = {46},
  pages = {145-156}
}

@ARTICLE{Wade77,
  author = {R. H. Wade and J. Frank},
  title = {Electron microscope transfer functions for partially coherent axial
	illumination and chromatic defocus spread},
  journal = {Optik},
  year = {1977},
  volume = {49},
  pages = {81-92}
}

@ARTICLE{Wagenknecht1997,
  author = {T. Wagenknecht and M. Radermacher and R. Grassucci and J. Berkowitz
	and H. B. Xin and S. Fleischer },
  title = {Locations of calmodulin and {{FK}}506-binding protein on the three-dimensional
	architecture of the skeletal muscle ryanodine receptor},
  journal = {J. Cell. Biol.},
  year = {1997},
  volume = {272},
  pages = {32463-71}
}

@ARTICLE{Wagner92,
  author = {G. Wagner and S. G. Hyberts and T. F. Havel},
  title = {{{NMR}} structure determination in solution: A critique and comparison
	with {{X}}-ray crystallography},
  journal = {Annu. Rev. Biophys. Biomol. Struct.},
  year = {1992},
  volume = {21},
  pages = {167-198}
}

@ARTICLE{Waksman2000,
  author = {G. Waksman and E. Lanka and J. M. Carazo},
  title = {Helicases as nucleic acid unwinding machines},
  journal = {Nat. Struct. Biol.},
  year = {2000},
  volume = {7},
  pages = {20-2}
}

@ARTICLE{Walker1995,
  author = {M. Walker and J. Trinick and H. White},
  title = {Millisecond Time Resolution Electron Cryo-microscopy of the M-ATP
	Transient Kinetic State of theActo-Myosin ATPase},
  journal = {Biophys. J.},
  year = {1995},
  volume = {68},
  pages = {87-91}
}

@BOOK{Maxy1998,
  title = {Maxcy-Rosenau-Last public health \& preventive medicine},
  publisher = {Appleton \& Lange},
  year = {1998},
  author = {Robert B. Wallace},
  address = {Stamford, CT.}
}

@ARTICLE{Walz97,
  author = {T. Walz and T. Hirai and K. Murata and J. B. Heymann and K. Mitsuoka
	and Y. Fujiyoshi and B. L. Smith and P. Agre and A. Engel},
  title = {The three-dimensional structure of aquaporin-1},
  journal = {Nature},
  year = {1997},
  volume = {387},
  pages = {624-627}
}

@ARTICLE{Walz95,
  author = {T. Walz and D. Typke and B. L. Smith and P. Agre and A. Engel},
  title = {Projection map of aquaporin-1 determined by electron crystallography},
  journal = {Nature Struct. Biol.},
  year = {1995},
  volume = {2},
  pages = {730-732}
}

@ARTICLE{Wang1998,
  author = {H. C. Wang and J. Dopazo and J. M. Carazo},
  title = {Self-organizing tree growing network for classifying amino acid},
  journal = {Bioinformatics},
  year = {1998},
  volume = {14},
  pages = {376-377}
}

@ARTICLE{Wang1998b,
  author = {H. C. Wang and J. Dopazo and L. G. De la Fraga and Y. P. Zhu and
	J. M. Carazo},
  title = {Self-organizing tree-growing network for the classification of protein
	sequences},
  journal = {Prot. Sci.},
  year = {1998},
  volume = {7},
  pages = {2613-2622}
}

@ARTICLE{Wei1999,
  author = {S. Y. Wei and C. T. Born and A. Abene and A. Ong and R. Hayda and
	W. G.~Jr. DeLong},
  title = {Diaphyseal forearm fractures treated with and without bone graft},
  journal = {Diaphyseal forearm fractures treated with and without bone graft},
  year = {J. Trauma-injury infecction \& crytical care},
  volume = {46},
  pages = {1045-8}
}

@ARTICLE{Weigelt1999,
  author = {J. Weigelt and S. E.Brown and C. S. Miles and N.Dixon and G. Otting},
  title = {s{{NMR}} structure of the {N}-terminal domain of the \it {Escherichia}
	coli \rm {DnaB} helicase: implications for structure rearrangements
	in the helicase hexamer},
  journal = {Structure Fold. Des.},
  year = {1999},
  volume = {7},
  pages = {681-90}
}

@ARTICLE{Welch67,
  author = {P. D. Welch},
  title = {The use of fast {F}ourier transform for the estimation of power spectra:
	A method based on time averaging over short, modified periodograms},
  journal = {IEEE Trans. Audio Electroacoustics},
  year = {1967},
  volume = {AU-15},
  pages = {70-73}
}

@ARTICLE{Whittle54,
  author = {P. Whittle},
  title = {On Stationary Processes in the Plane},
  journal = {Biometrika},
  year = {1954},
  volume = {41},
  pages = {434-449}
}

@ARTICLE{Willians2000,
  author = {K.A. Willians},
  title = {Three-dimensional structure of the ion-coupled transport protein
	NhaA},
  journal = {Nature},
  year = {2000},
  volume = {403},
  pages = {112-5}
}

@ARTICLE{Wolf2010,
  author = {Wolf, Matthias and Garcea, Robert L. and Grigorieff, Nikolaus and
	Harrison, Stephen C.},
  title = {Subunit interactions in bovine papillomavirus.},
  journal = {Proc Natl Acad Sci U S A},
  year = {2010},
  volume = {107},
  pages = {6298--6303},
  number = {14},
  month = {Apr},
  abstract = {Papillomaviruses, members of a group of dsDNA viruses associated with
	epithelial growths and tumors, have compact capsids assembled from
	72 pentamers of the protein L1. We have determined the structure
	of bovine papillomavirus by electron cryomicrosopy (cryoEM), at approximately
	3.6 A resolution. The density map, obtained from single-particle
	analysis of approximately 4,000 particle images, shows the trace
	of the L1 polypeptide chain and reveals how the N- and C-terminal
	"arms" of a subunit (extensions from its beta-jelly-roll core) associate
	with a neighboring pentamer. Critical contacts come from the C-terminal
	arm, which loops out from the core of the subunit, forms contacts
	(including a disulfide) with two subunits in a neighboring pentamer,
	and reinserts into the pentamer from which it emanates. This trace
	corrects one feature of an earlier model. We discuss implications
	of the structure for virion assembly and for pathways of infectious
	viral entry. We suggest that it should be possible to obtain image
	reconstructions of comparable resolution from cryoEM images of asymmetric
	particles. From the work on papillomavirus described here, we estimate
	that such a reconstruction will require about 1.5 million images
	to achieve the same number of averaged asymmetric units; structural
	variability will increase this number substantially.},
  doi = {10.1073/pnas.0914604107},
  institution = {Jack and Eileen Connors Structural Biology Laboratory, Department
	of Biological Chemistry and Molecular Pharmacology, Harvard Medical
	School, 250 Longwood Avenue, Boston, MA 02115, USA.},
  keywords = {Cryoelectron Microscopy; Models, Molecular; Papillomaviridae, chemistry/ultrastructure;
	Protein Interaction Domains and Motifs; Protein Structure, Quaternary;
	Protein Structure, Tertiary; Protein Subunits, chemistry; Viral Envelope
	Proteins, chemistry/ultrastructure; Virion, chemistry/ultrastructure},
  language = {eng},
  medline-pst = {ppublish},
  owner = {jvargas},
  pii = {0914604107},
  pmid = {20308582},
  timestamp = {2012.08.02},
  url = {http://dx.doi.org/10.1073/pnas.0914604107}
}

@ARTICLE{Wriggers1999,
  author = {W. Wriggers and R. A. Milligan and J. A. McCammon},
  title = {Situs: A package for docking crystal structures into low-resolution
	maps from electron microscopy},
  journal = {J. Struct. Biol.},
  year = {1999},
  volume = {125},
  pages = {185-195}
}

@ARTICLE{Wriggers1998,
  author = {W. Wriggers and R. A. Milligan and K. Schulten and J. A. McCammon},
  title = {Self-organizing neural networks bridge the biomolecular resolution
	gap},
  journal = {J. Mol. Biol.},
  year = {1998},
  volume = {284},
  pages = {1247-1254}
}

@ARTICLE{Xu1999,
  author = {C. Xu and R. Craig and L. Tobacman and R. Horowitz and W. Lehman},
  title = {Tropomyosin positions in regulated thin filaments revealed by cryoelectron
	microscopy},
  journal = {Biophys. J.},
  year = {1999},
  volume = {77},
  pages = {985-92}
}

@ARTICLE{Yamaya1999,
  author = {M. Yamaya and K. Sekizawa and T. Suzuki and N. Yamada and M. Furukawa
	and S. Ishizuka and K. Nakayama and M. Terajima nd Y. Numazaki and
	H. Sasaki},
  title = {Infection of human respiratory submucosal glands with rhinovirus:
	effects on cytokine and {{ICAM-1}} production.},
  journal = {Am J. Physiol.},
  year = {1999},
  volume = {277(2 Pt 1)},
  pages = {L326-71}
}

@ARTICLE{Yeager1999,
  author = {Yeager, M. and Unger, V. M. and Mitra, A. K.},
  title = {Three-{D}imensional Structure of Membrane Proteins Determined by
	Two-Dimensional Crystallization. Electron Cryomicroscopy, and Image
	Analysis},
  journal = {Methods Enzymol.},
  year = {1999},
  volume = {294},
  pages = {135-180}
}

@ARTICLE{Zapata1992,
  author = {E. L. Zapata and I. Benavides and F. F. Rivera and J. D. Bruguera
	and T. F. Pena and J. M. Carazo},
  title = {Image-reconstruction on hypercube computers - application to Electron-Microscopy},
  journal = {Signal Process.},
  year = {1992},
  volume = {27},
  pages = {51--64}
}

@ARTICLE{Zhang1998,
  author = {P. Zhang and C. Toyoshima and K. Yonekura and N. M. Green and D.
	L. Stokes},
  title = {Structure of the calcium pump from sarcoplasmic reticulum at 8-�
	resolution},
  journal = {Biophys. J.},
  year = {1999},
  volume = {77},
  pages = {985-92}
}

@ARTICLE{Zhou93,
  author = {Z. H. Zhou and W. Chiu},
  title = {Prospects for using an {{IVEM}} with a {{FEG}} for imaging macromolecules
	towards atomic resolution},
  journal = {Ultramicroscopy},
  year = {1993},
  volume = {49},
  pages = {407-416}
}

@ARTICLE{Zhou96,
  author = {Z. H. Zhou and S. Hardt and B. Wang and M. B. Sherman and J. Jakana
	and W. Chiu},
  title = {{{CTF}} determination of images of ice-embedded single particles
	using a graphics interface},
  journal = {J. Struct. Biol.},
  year = {1996},
  volume = {116},
  pages = {216-222}
}

@ARTICLE{Zhou94,
  author = {Z. H. Zhou and B. V. Venkataram-Prasad and J. Jakana and F. J. Rixon
	and W. Chiu},
  title = {Protein subunit structures in the herpes simplex virus {{A}}-casip
	determined from 400 k{{V}} spot-scan electron cryomicroscopy},
  journal = {J. Mol. Biol.},
  year = {1994},
  volume = {242},
  pages = {456-469}
}

@PHDTHESIS{Zhu96,
  author = {J. Zhu},
  title = {Methods to achieve high resolution in three-dimensional cryo-electron
	microscopy of macromolecules and application to the {{70S}} Escherichia
	Coli ribosome},
  school = {School of Public Health},
  year = {1996},
  address = {Dept. Biomedical sciences. State university of New York}
}

@INPROCEEDINGS{Zhu94,
  author = {J. Zhu and J. Frank},
  title = {Accurate retrieval of transfer function from defocus series},
  booktitle = {Proc. 13th International Congress on Electron Microscopy},
  year = {1994},
  volume = {1},
  pages = {465-466}
}

@ARTICLE{Zhu1997,
  author = {J. Zhu and P. A. Penczek and R. Schr{\"{o}}der and J. Frank},
  title = {Three-Dimensional Reconstruction with Contrast Transfer Function
	Correction from Energy-Filtered Cryoelectron Micrographs: Procedure
	and Application to the 70{S} \it {Escherichia coli} \rm Ribosome},
  journal = {J. Struc. Biol.},
  year = {1997},
  volume = {118},
  pages = {197--219}
}

@ARTICLE{Zhu97,
  author = {W. Zhu and Y. Wang and Y. Yao and J. Chang and H. L. Graber and R.
	L. Barbour},
  title = {Iterative total least-squares image reconstruction algorithm for
	optical tomography by the conjugate gradient method},
  journal = josa,
  year = {1997},
  volume = {14},
  pages = {799--807}
}

@ARTICLE{Zhu97a,
  author = {NOT LONGER VALID NOW IS Zhu1997},
  title = {void},
  journal = {void},
  year = {void},
  volume = {void},
  pages = {void}
}

@ARTICLE{Zubelli2003,
  author = {J.P. Zubelli and R. Marabini and C.O.S. Sorzano and G.T. Herman},
  title = {Reconstruction by Chahine's method from Projections corrupted by
	Electron Microscope aberrations},
  journal = {Inverse Probl.},
  year = {2003},
  volume = {19},
  pages = {933--949}
}

@BOOK{Ginsberg1984,
  title = {The Adenoviruses},
  publisher = {Plenum Press},
  year = {1984},
  editor = {Ginsberg},
  address = {New York}
}

@BOOK{Hahn1996,
  title = {International {T}ables for {C}rystallography ({S}pace-{G}roup {S}ymmetry)},
  publisher = {Kluwer Academic},
  year = {1996},
  editor = {Hahn, T. H.},
  volume = {A},
  address = {Dordrecht, The Netherlands}
}

@BOOK{Zwillinger1996,
  title = {C{RC} {S}tandard {M}athematical {T}ables and {F}ormulae},
  publisher = {CRC Press},
  year = {1996},
  editor = {Zwillinger, D.},
  address = {Boca Raton (Florida)},
  edition = {30}
}

@ARTICLE{Fernandez2006b,
  title = {Image Processing and {3-D} Reconstruction in Electron Microscopy},
  journal = {IEEE Signal Processing Magazine},
  year = {2006},
  volume = {23},
  pages = {84-94},
  au7thor = {J.J. Fern�ndez and C.O.S. Sorzano and R. Marabini and J.M. Carazo}
}

@ARTICLE{DelaRosa2013,
  author = {De la Rosa-Trev\'in, J. M. and Ot\'on, J. and Marabini, R. and Zald\'ivar-Peraza,
	A. and Vargas, J. and Carazo, J. M. and Sorzano, C. O. S.},
  title = {Xmipp 3.0: one step forward in scientific computing for Electron
	Microscopy},
  journal = jsb,
  year = {2013},
  volume = {184},
  pages ={321-328},
  timestamp = {2013.05.22}
}

@ARTICLE{Vargas15102014,
author = {Vargas, Javier and Álvarez-Cabrera, Ana-Lucia and Marabini, Roberto and Carazo, Jose M. and Sorzano, C. O. S.}, 
title = {Efficient initial volume determination from electron microscopy images of single particles},
volume = {30},
number = {20},
pages = {2891-2898},
year = {2014},
doi = {10.1093/bioinformatics/btu404},
URL = {http://bioinformatics.oxfordjournals.org/content/30/20/2891.abstract},
eprint = {http://bioinformatics.oxfordjournals.org/content/30/20/2891.full.pdf+html},
journal = {Bioinformatics}
}
